2768 4770
336 176 396 261 DE
417 177 561 270 acuo,
583 177 770 249 COMOED.
789 180 897 259 arr.
917 181 1063 259 Auula.
1218 188 1283 272 359
1335 199 1347 214 “

201 347 311 431 Μηδὲν
330 345 407 432 παρ’
431 343 518 429 ἡμῶν
538 349 714 432 προσδοκᾶν
734 351 803 413 λίαν
822 349 911 497 μέρει,

195 431 290 514 .Μηῦ’
314 426 354 494 αὖ
374 432 491 515 γέλωτα
512 430 700 514 Μεγαρόθεν
720 438 849 514 κεκλεμμ
867 459 928 498 νον.
1340 504 1343 517 ,

105 516 282 585 Scholiasta
299 516 386 596 ,haec
410 519 536 582 notavit:
575 514 631 592 Ὡς
651 523 712 582 τῶν
732 519 903 602 Μεγαρέων
929 516 1083 602 γελώντων
1108 523 1158 584 καὶ
1180 519 1280 600 ἄλλοις

106 608 266 689 φορτικῶς
280 598 513 685 ’γελοιαζόντων
536 600 671 677 Εὔπολις
681 605 928 686 Προσπαλτίοις·

199 685 246 751 Τὸ
267 684 388 767 σκῶμιί
415 685 536 773 ἀσελγές
556 689 606 751 καὶ
628 688 808 772 Μεγαρικὸν
828 687 964 774 σφόδρα.

104 772 278 843 Permirum
309 779 406 837 autem
436 778 483 837 est
508 771 586 837 hunc
614 771 769 861 Eupolidis
796 796 915 839 versum
946 773 1132 839 recrinito
1160 774 1280 862 Myrtili

105 858 279 947 fragmento
305 856 383 947 apud
408 855 568 945 Aspasium
596 857 633 922 ad
660 855 833 923 Aristotehs
858 858 956 924 Ethic.
975 795 1147 925 Micomach.
1169 859 1222 929 lv.
1243 864 1278 929 2:

105 942 160 1025 nbi
181 941 218 1007 de
238 963 276 1032 pn
313 943 394 1006 ureis
415 948 458 1005 str
502 942 558 1006 ulis
578 942 740 1024 disserens,
762 945 865 1029 quibus
885 940 1109 1032 Megarensium
1130 946 1281 1011 comoedia

104 1028 259 1108 utebatur,
277 963 463 1091 hiienissimo
496 1049 549 1092 oco
568 1027 642 1091 haec
663 1027 766 1093 affert:
787 1031 949 1114 Μυρτίλος
970 1030 1002 1092 ἐν
1022 1023 1213 1094 retardamur
1233 1026 1278 1108 τό,

105 1114 208 1195 δεινῆς
238 1108 356 1188 ἀκούεις
388 1107 539 1194 aetnae.
584 1113 733 1195 Tovrtou
765 1115 814 1178 ool
845 1112 881 1177 τὸ
908 1119 1042 1194 σκῶμμα
1074 1110 1197 1198 ἀσελγὲς
1227 1119 1279 1178 καὶ

103 1197 273 1282 μεγαρικὸν
293 1199 343 1260 καὶ
366 1193 491 1282 σφόδρα
511 1196 635 1280 ψυχρὸν
655 1203 759 1280 γελᾶς,
781 1193 856 1284 ὃρᾶν
875 1197 916 1263 τὰ
937 1200 1054 1262 παιδία.
1087 1221 1161 1285 quae
1183 1201 1279 1287 magis

104 1283 198 1348 etiam
218 1284 388 1371 perturbata
409 1283 530 1346 suntin
550 1281 689 1346 versione
709 1282 819 1365 latina,
850 1284 902 1348 nbi
922 1296 991 1371 pars
1012 1284 1173 1370 fragmenti
1193 1283 1280 1371 Myr·

103 1367 178 1448 tilo,
219 1389 268 1433 ars
289 1366 392 1432 Aristo
412 1367 484 1431 hani
504 1367 656 1432 tribuitur:
689 1368 796 1450 „Quos
819 1369 933 1454 quidem
956 1375 1063 1433 taxans
1083 1367 1226 1467 Myrtilus
1248 1369 1280 1433 in

105 1388 539 1602 catabula,‹p11amll'itanum
560 1452 638 1517 tilios
659 1451 821 1541 inscripsit,
841 1455 884 1517 ita
903 1453 1012 1538 inquit:
1034 1451 1173 1538 Grauter
1194 1453 1278 1519 andis

104 1536 272 1602 Hercules:
341 1558 375 1600 oc
402 1545 449 1601 est
476 1536 536 1618 ,tihi
562 1537 714 1601 dicterium
740 1537 875 1625 petulans
907 1560 942 1602 ac
967 1536 1162 1624 Megaricum.
1205 1536 1278 1603 ltem

104 1621 325 1711 Aristophanes
347 1623 378 1686 in
399 1621 524 1709 Vespis:
546 1621 587 1685 Et
606 1622 718 1708 frigide
741 1621 895 1691 admodum
915 1622 1044 1686 inrides:
1067 1622 1205 1710 puerulos
1228 1623 1279 1686 ad-

104 1707 214 1771 sicis:
257 1707 370 1773 debetis
397 1712 570 1795 exspectare
595 1728 674 1769 nunc
700 1706 744 1770 nil
774 1707 933 1770 maximum
960 1705 992 1770 A
1012 1729 1075 1787 me,
1103 1729 1159 1771 nec
1184 1714 1217 1770 ut
1243 1706 1280 1773 de

103 1727 263 1879 bleganico
284 1791 341 1856 hnc
361 1792 453 1856 risum
476 1790 599 1857 afferam
611 1789 739 1876 Raptum
761 1789 825 1853 solo
842 1790 880 1854 ad
894 1792 979 1854 vos.“
1001 1788 1027 1853 Ε
1051 1811 1068 1853 o
1090 1812 1162 1855 vero
1183 1792 1282 1878 potins

103 1874 249 1965 Aspasia,
269 1877 351 1942 cuius
371 1877 453 1941 locus
476 1883 523 1939 est
542 1875 824 1963 perturbatissimus,
845 1894 931 1958 quam
952 1812 1138 1939 Scholiastae
1158 1873 1278 1940 Aristo-

102 1961 213 2067 phanis
223 1963 429 2049 derogaverim
449 1961 550 2047 tidem,
569 1960 723 2044 omniaque
743 1959 819 2024 haec
830 1957 971 2048 Eupolidi
979 1959 1136 2025 tribuenda
1153 1966 1275 2025 censeo:

102 2059 151 2116 ita
171 2054 266 2113 autem
286 2048 319 2112 hi
338 2067 444 2111 versus
470 2050 541 2110 sunt
560 2043 772 2109 constituendi:

191 2133 309 2207 Δείνῶς
330 2127 464 2205 ἀκούεις·
481 2124 656 2215 Ἡράκλεις,
677 2127 765 2193 τοῦτ’
787 2126 851 2192 ἔστι
872 2151 922 2191 σοι
961 2192 964 2197 ,
1070 2157 1073 2161 ’

194 2216 241 2281 Τὸ
263 2216 386 2300 σκῶμμ’
411 2215 533 2299 ἀσελγὲς
554 2216 604 2277 καὶ
626 2208 822 2300 Μεγαρικόν,
843 2214 894 2275 καὶ
915 2207 1041 2299 σφόδρα

196 2301 321 2387 Ψυχρὸν
341 2306 445 2384 patric·
473 2297 596 2384 ycboio’,
618 2296 709 2386 ὁρᾷς,
730 2298 769 2362 τὰ
791 2298 912 2362 παιδία.

104 2388 211 2476 quibus
224 2387 359 2452 versibus
381 2365 486 2472 aliquis
507 2384 636 2472 lrigidos
656 2389 730 2448 istos
750 2387 831 2448 iocos
853 2382 935 2447 senis
956 2379 1037 2445 illius
1057 2380 1276 2469 inProspaltiis

103 2473 310 2562 reprehendit:
353 2493 391 2535 ne
410 2492 448 2535 uo
474 2469 553 2534 enim
574 2467 734 2533 Herculem
761 2466 933 2552 alloquitur,
964 2465 1018 2529 sod
1033 2455 1195 2547 Ἡράκλεις
1216 2472 1276 2530 est:

104 2557 264 2625 mehercle.
310 2558 436 2639 Ψοχρον
461 2558 550 2640 γελᾷς
578 2560 673 2616 autem
701 2551 809 2616 dictum
835 2556 882 2617 est
907 2569 961 2638 pro
982 2546 1166 2631 γελοιάζεις..
1186 2551 1276 2631 verba

104 2641 230 2743 yetdn',
260 2637 351 2730 ὁρᾷς,
371 2641 411 2704 τὰ
431 2640 541 2702 παιδία
561 2644 632 2702 sunt
652 2636 690 2702 ad
710 2642 891 2724 spectatores
910 2631 1087 2716 referenda,
1108 2634 1184 2698 sicut
1203 2632 1277 2705 illud

104 2751 139 2792 nn
158 2727 294 2793 Nubibus
314 2724 540 2814 Aristophanis:

514 2811 588 2882 Ίοῖς
609 2802 741 2880 παιδίοις
758 2802 803 2868 ’ἶν’
826 2792 846 2890 ᾖ
867 2800 971 2887 γέλως.
1020 2859 1023 2863 ,

103 2897 168 2963 lam
196 2916 266 2960 veru
294 2894 381 2959 etiam
402 2891 520 2979 Myrtili
541 2912 659 2955 versum
689 2889 824 2956 attulisse
849 2887 1027 2975 Aspasinm,
1061 2905 1185 2950 necesse
1212 2890 1274 2949 est:

105 3003 172 3046 eum
194 2987 291 3045 antem
312 2979 486 3043 delitescere
511 2984 580 3065 putu
601 2976 634 3040 in
653 2974 701 3041 his
724 2974 839 3041 verbis:
874 2969 969 3037 Ἀλλὰ
997 2971 1048 3034 καὶ
1065 2967 1276 3114 Ἐκρανρίδης

103 3061 311 3139 παλαιότατος
331 3068 393 3128 τῶν
413 3062 549 3148 ἀρχαίων
569 3059 696 3141 ποιητὴς
716 3058 807 3144 φησί·
828 3055 1167 3151 μεγαρικῆςκωμῳδιας
1189 3076 1275 3140 popa

103 3152 246 3231 διειμανα
267 3143 429 3230 ἷσχύνομαι
450 3148 485 3211 τὸ
507 3149 613 3231 δρᾶμα
632 3143 795 3228 μεγαρικὸν
816 3149 921 3206 ποιεῖν.
958 3138 1062 3203 Facile
1084 3159 1163 3202 emm
1185 3158 1273 3236 appa·

102 3242 152 3302 ret
170 3236 245 3299 haec
266 3255 305 3297 ex
326 3234 438 3297 dnobus
465 3231 593 3298 diversis
612 3229 789 3316 fragmentis
811 3248 879 3292 esse
906 3223 1047 3291 conflata:
1078 3220 1271 3311 Ecphantndis

102 3319 178 3387 haec
198 3319 319 3386 fuerunt
339 3319 445 3382 verba:

458 3400 639 3485 Μεγαρικῆς
659 3394 832 3485 κωμῳδίας.

182 3478 287 3569 501lrrrpc'
311 3486 366 3553 οὔκ
388 3483 425 3549 dv
446 3482 598 3574 didotpctr).

102 3571 222 3661 Myrtili
241 3575 274 3652 in
295 3571 548 3659 Titanopanihus:

184 3655 392 3740 Ἠισχονόμην
413 3655 492 3739 (sive
514 3647 712 3737 αἰσχύνομαι)
732 3649 769 3715 τὸ
795 3649 901 3733 δρᾶμα
922 3641 1101 3731 Μεγαρικὸν
1114 3648 1229 3737 urana.

102 3741 223 3811 Censeo
250 3751 345 3807 autem
366 3739 495 3829 Eupolin
520 3740 553 3805 in
571 3739 635 3807 hac
663 3734 765 3801 [abula
791 3732 911 3823 propius
939 3730 976 3796 ad
1003 3749 1115 3827 murem
1129 3727 1271 3879 antipapis

102 3827 185 3893 illins
205 3825 379 3915 Megaricae
401 3822 568 3912 comoediae
588 3821 768 3901 accessisse,
798 3818 836 3885 ad
857 3817 939 3882 cuius
961 3811 1181 3911 similitudinem
1198 3888 1220 3913 ,·
1241 3849 1272 3912 ⁰-

103 3920 150 3979 sto
170 3913 264 3976 hanes
292 3932 404 3997 quoqne
429 3911 464 3975 in
488 3909 592 3998 prima
615 3927 688 3993 quae
716 3904 833 3990 quidem
863 3905 1002 3992 superest
1033 3896 1199 3979 comoedia,
1239 3917 1273 3961 m

102 3935 348 4064 Acharnensibur
376 4018 410 4060 se
436 3991 679 4070 accommodavit:
723 3998 847 4074 suntque
873 3988 906 4054 in
932 3984 1001 4083 aliis
1025 4002 1138 4069 quoque
1162 3980 1272 4080 sahnlis

101 4104 163 4147 non
185 4083 310 4147 obscura
325 4078 467 4168 quaedam
489 4079 628 4166 vestigia,
649 4076 685 4141 de
698 4095 754 4159 qna
769 4090 804 4138 re
822 4070 952 4138 'suoloco
974 4069 1086 4135 dicetur
1099 4072 1271 4166 accuratius.

101 4167 229 4256 Eupolis
256 4189 349 4250 vero,
376 4166 425 4252 qui
451 4164 576 4245 inritus,
600 4167 634 4226 nt
657 4159 788 4236 videtur,
815 4152 1157 4253 multitudinisarbitno
1183 4156 1273 4217 cessit

100 4251 335 4341 Megaricaeqne
358 4249 525 4319 comoediae
545 4246 673 4330 speciem
693 4243 840 4332 quandam
864 4241 1057 4324 instauravit,
1081 4257 1202 4328 ipsese
1223 4256 1271 4302 ca·
