2760 4792
161 236 229 302 286
550 230 953 301 commnunanlouns

165 403 286 468 Indnrit
307 400 384 467 enim
404 398 601 463 Pherecrates
623 420 758 464 voracem
780 397 924 484 quendam
943 396 1107 480 hominem,
1128 419 1215 485 qoem
1254 400 1328 467 uoti·

167 488 213 553 die
241 488 313 551 duos
345 484 505 549 medimnos
543 492 572 547 et
599 485 748 549 dimidium
780 485 851 548 lecit
883 485 1052 565 comedere,
1085 484 1128 548 ita
1158 492 1190 549 ut
1217 420 1329 553 ollam

166 573 275 658 longae
302 571 385 634 navis
414 569 613 632 devoraverit:
655 591 750 654 neque
775 590 847 633 vero
878 568 951 633 baec
979 569 1093 632 curiose
1120 567 1159 633 ad
1186 571 1328 637 calculum

165 656 333 721 revocanda
360 662 444 733 sunt,
487 676 554 717 nam
583 676 646 718 cum
672 655 704 717 in
731 654 844 718 triremi
872 654 1040 740 plerumque
1062 653 1179 718 ducenti
1199 655 1330 744 impositi

165 742 278 806 fuerint
298 740 448 818 homines,
483 738 610 823 singulis
639 748 734 803 autem
760 738 888 802 choenix
914 736 1080 819 suffecerit,
1111 738 1222 826 longae
1242 742 1329 807 navis

165 826 276 890 cibaria
297 824 465 909 quotidiana
485 832 608 907 quatuor
628 824 789 887 medimnos
811 845 874 886 cum
902 824 1002 887 hecteo
1024 823 1089 886 sive
1109 824 1243 889 sextario
1264 826 1329 891 elli-

165 911 253 974 ciont.
280 909 343 973 lam
363 928 434 971 vero
457 907 529 971 haec
549 908 651 971 sabula
666 909 846 971 Pherecrate
867 929 1047 993 nequaquam
1068 906 1192 995 indigua
1214 908 1330 975 videtur

164 995 273 1059 fuisse:
305 1015 373 1056 nam
400 993 426 1055 is
449 1000 626 1093 quamtopere
652 1001 769 1080 praeter
790 1000 902 1056 ceteros
931 1002 1032 1080 poetas
1058 993 1091 1055 i'n
1111 992 1166 1056 bac
1187 993 1329 1061 felicitate

164 1077 336 1145 exornanda
357 1078 415 1140 sibi
435 1078 590 1176 placuerit,
618 1077 702 1141 docet
727 1078 940 1141 comoediarum
968 1099 1015 1140 ma
1058 1098 1186 1165 apars:
1230 1078 1328 1165 itaquo

163 1163 239 1227 nihil
260 1162 364 1227 mirum
386 1163 413 1225 si
434 1162 511 1224 rdem
533 1170 735 1247 argumentum
756 1161 842 1225 etiam
865 1162 897 1224 in
919 1162 973 1224 hac
995 1161 1025 1225 la
1047 1160 1095 1224 ula
1115 1182 1192 1227 novo
1211 1163 1328 1249 quidem

163 1248 248 1312 modo
276 1244 458 1310 tractaverit:
502 1246 632 1308 novitate
660 1247 737 1309 enim
766 1246 878 1308 inventi
906 1246 1032 1309 nrcrxime
1057 1246 1207 1333 insignem
1233 1247 1328 1313 luisse

162 1332 371 1396 Pherecratem
388 1330 472 1392 docet
486 1339 569 1392 vetus
583 1330 634 1393 ille
656 1330 874 1416 grammaticus
898 1352 959 1393 cum
976 1352 1040 1393 eum
1051 1327 1201 1412 aberrando
1214 1327 1328 1413 μύθων

163 1423 247 1479 vocnt
268 1422 353 1498 atque
374 1413 463 1476 καινὰ
485 1413 650 1496 πράγματα
662 1418 847 1495 εἰσηγεῖσθαι
863 1414 945 1477 dicit:
968 1415 1079 1501 dispari
1099 1415 1192 1501 igitur
1211 1418 1326 1482 rationo

163 1500 195 1563 in
217 1500 281 1585 pari
303 1506 476 1583 argumento
505 1521 573 1562 usus
595 1510 689 1562 tamen
714 1500 876 1562 enitescere
904 1499 1066 1585 populusne
1086 1500 1204 1599 placere
1224 1502 1325 1589 potnit.

162 1584 266 1667 Neque
287 1583 357 1646 illud
375 1583 592 1646 aPherecratis
613 1584 735 1669 ingenio
758 1584 906 1664 abhorret,
927 1584 1002 1667 qrrod
1018 1522 1170 1647 lhommem
1190 1606 1325 1651 voracem

162 1667 293 1748 induxit,
324 1667 398 1752 quod
426 1668 481 1730 etsi
511 1669 624 1733 mediae
652 1668 818 1732 couroediae
841 1676 944 1754 poetae
970 1669 1152 1754 potissimum
1173 1671 1325 1735 commise-

162 1761 246 1833 runt,
277 1773 337 1815 non
364 1760 459 1815 tanuen
486 1754 605 1837 antiqua
632 1753 781 1816 comoedia
802 1752 944 1816 eiusmodi
994 1754 1109 1817 ersonis
1142 1774 1254 1820 trorsns
1275 1756 1324 1820 ab·

162 1838 273 1902 stinuit.
315 1835 361 1900 lta
383 1836 591 1924 Epicharmus,
625 1839 707 1900 curius
735 1837 876 1900 rationem
899 1844 928 1900 et
978 1846 1056 1900 rates
1078 1846 1107 1901 et
1126 1773 1323 1904 l’herecrates

161 1923 253 1987 secuti
275 1930 353 2001 sunt,
373 1924 405 1984 in
428 1920 565 1986 Busiride
587 1921 746 1985 Herculem
768 1929 902 2006 tauquam
924 1922 1119 1986 insatiabilem
1141 1924 1244 1989 finxit:
1265 1922 1321 1989 vid

161 2005 272 2073 Athen.
293 2006 331 2069 X.
352 2027 381 2092 p.
402 2005 464 2068 411
487 2006 529 2068 B:

243 2093 377 2171 Πρῶτον
396 2090 452 2167 μέν
474 2088 537 2151 αἴτι’
562 2085 685 2150 ἔσθοντ’
711 2086 779 2170 ἴδῃς
799 2113 859 2164 νιν,
887 2085 1073 2163 ἀποθάνοις·

245 2175 356 2255 Βρίμει
378 2173 433 2249 μέν
456 2169 471 2233 ὁ
493 2170 613 2256 ιγάρυγξ
635 2170 752 2248 ἔνδοθ’,
776 2170 889 2253 ἀραβεῖ
906 2172 936 2234 δ’
960 2169 981 2236 ci
1002 2170 1127 2256 γνάθος,

247 2262 353 2341 ll'ocpai
370 2256 398 2318 d’
424 2253 440 2317 ὃ
462 2254 608 2340 γόμφους,
631 2256 743 2337 τέτριγε
765 2256 796 2318 δ’
822 2256 837 2318 b
861 2254 1006 2335 κυνόδων,

243 2344 321 2419 Σίζει
343 2341 376 2403 δέ
396 2349 463 2414 ταῖς
485 2341 610 2423 ῥίνεσσι,
633 2350 709 2402 κινεῖ
726 2338 757 2402 δ’
783 2338 891 2403 οὔατα.

160 2425 224 2500 Qua
245 2426 359 2512 quoidam
385 2424 516 2512 imagine
547 2427 681 2510 autiquae
705 2426 820 2489 Atticae
848 2426 1014 2490 comoediae
1039 2434 1143 2513 poetae
1170 2446 1265 2513 usque
1285 2426 1320 2493 ad

160 2511 284 2575 taedium
306 2511 496 2599 spectantium
520 2511 564 2573 usi
586 2519 673 2591 sunt,
700 2530 756 2594 quio
778 2511 895 2574 nomine
916 2510 1170 2597 reprehenduntur
1190 2513 1228 2575 ab
1249 2512 1321 2577 Ari-

159 2598 318 2682 stephane,
343 2596 393 2680 qui
415 2596 469 2659 hoc
495 2595 533 2659 ad
552 2595 776 2682 Megarensium
805 2595 964 2659 iocularem
989 2595 1167 2659 comoediam
1192 2596 1319 2685 relegat

158 2680 217 2745 vid.
240 2681 330 2767 Vesp.
351 2701 380 2744 v.
401 2681 460 2744 56:

244 2765 355 2843 Μηδέν
377 2762 453 2846 παρ’
477 2758 563 2843 ἡμῶν
585 2762 758 2844 προσδοκᾶν
779 2762 847 2823 λίαν
867 2761 956 2843 μέγα,

243 2848 336 2931 Mat
362 2840 401 2910 aad
423 2846 538 2931 γέλωτα
560 2843 748 2928 Μεγαρόθεν
769 2847 976 2926 κεκλεμμένον.

236 2930 330 3013 Ἡμῖν
349 2933 408 3016 γὰρ
431 2931 486 2995 οὐκ
507 2930 572 2994 ἴστ’
597 2929 665 2994 odra
688 2929 776 3011 κάρυ’
802 2932 833 2993 έκ
856 2933 1007 3016 ιγορμίδος

241 3016 355 3082 Δούλου
377 3022 620 3099 παραριπτοῦντε
641 3025 705 3090 τοῖς
726 3014 900 3094 θεωμένοις,

248 3101 331 3167 Odd’
343 3099 497 3184 Ἡρακλῆς
517 3101 552 3164 ad
574 3103 693 3163 δεῖπνον
714 3097 953 3178 ἐξαπατώμενος.

156 3210 230 3273 quae
250 3187 326 3251 neate
342 3186 525 3266 Scholiasta,
552 3185 583 3248 in
605 3206 734 3248 errorem
756 3185 890 3248 inductus
911 3184 967 3265 iis,
995 3204 1069 3267 quae
1091 3183 1317 3271 subsequuntur,

157 3273 194 3337 ad
215 3273 309 3359 ipsum
322 3270 550 3379 Aristophanem
571 3270 737 3334 revocavit:
759 3271 791 3333 έν
811 3279 875 3346 τοῖς
896 3267 955 3351 πρὸ
967 3265 1077 3339 τοίςτου
1093 3269 1319 3353 δεδιδαγμένος

157 3352 310 3437 δράμασιν
336 3358 377 3430 είς
404 3380 460 3435 την
476 3352 662 3438 Ἡρακλέους
683 3353 853 3435 ἀπληστίαν
873 3352 972 3416 πολλοὶ
994 3353 1180 3436 προείρηται.
1208 3354 1318 3419 rectius

156 3442 230 3504 alius
252 3442 398 3528 interpres
420 3439 549 3503 aeruulos
570 3452 671 3527 poetas
693 3439 788 3501 notari
811 3440 936 3502 censuit:
957 3440 1091 3500 Ποιοῦσι
1108 3439 1142 3500 δὲ
1161 3434 1319 3525 τὸνἩρα-

155 3526 228 3588 κλία
255 3530 310 3587 aori
337 3525 453 3605 γελοίου
478 3523 569 3605 χάριν
594 3523 773 3605 κεκλημένον
799 3525 840 3597 εἰς
868 3525 987 3585 δεῖπνον
1008 3524 1056 3583 καλ
1081 3522 1318 3606 δυσχεραίνοντα

157 3610 208 3673 διδ
233 3607 268 3672 τὸ
295 3608 434 3688 βραδέως
465 3608 549 3693 αὐτῷ
582 3608 786 3689 παρατιθέναι
818 3604 857 3670 τὰ
884 3606 959 3684 iimo.
1001 3606 1071 3693 Ipso
1098 3605 1317 3696 Aristophanes

155 3694 228 3759 haec
248 3693 377 3757 illustrat
397 3693 428 3756 in
449 3691 537 3755 Pacis
558 3694 696 3780 parabasi
717 3714 746 3756 v.
767 3692 847 3773 741,
875 3692 924 3755 ubi
945 3712 1104 3756 recensens
1125 3691 1231 3775 quibus
1251 3691 1317 3781 ipso

154 3778 291 3843 comicam
320 3784 410 3841 artem
439 3777 555 3839 auxerit
581 3786 611 3840 et
631 3776 839 3857 illustraverit,
864 3776 937 3840 illud
964 3778 1042 3839 inter
1062 3778 1191 3839 maxima
1211 3776 1318 3843 merita

153 3864 256 3943 relert,
278 3862 351 3946 quod
375 3860 515 3942 aenrrrlos,
537 3861 585 3946 qui
606 3883 723 3949 semper
743 3862 922 3926 esurientem
934 3860 1094 3925 Herculem
1116 3860 1316 3943 exhibuerint,

152 3948 190 4015 do
211 3969 300 4011 scena
327 3946 478 4031 abegerit:

238 4027 322 4106 Τούς
353 4030 389 4093 θ’
419 4026 606 4113 Ἡρακλέους
644 4028 717 4106 τοδς
751 4025 924 4177 μάττονὲτας
962 4028 1013 4091 καί
1045 4026 1119 4106 τοὺς
1150 4030 1315 4105 πεινῶντας

880 4115 1009 4193 κείνους,

237 4195 320 4272 Τοίις
341 4193 507 4281 φεύγοντας
527 4194 767 4273 κάξαπατῶντας
787 4199 838 4262 καί
859 4196 1065 4281 τυπτομένους
1085 4196 1224 4279 ἐπίτηδες

229 4280 378 4367 Ἔξῆλασ’
402 4280 559 4363 ἀτιμώσας
580 4287 709 4366 πρῶτος.
