2760 4792
41 207 43 213 ’
154 230 219 299 ιιι
538 216 946 307 cormununmouns

239 387 331 498 Μριε
346 385 484 466 Metione
503 388 664 455 ἀνακαλεῖν
684 382 967 473 ἕλικοβοστρίχοας,

238 480 331 551 Μπτε
351 471 493 561 Χάριτας
511 480 592 555 βοάν
612 477 654 551 είς
677 473 772 559 χορὸν
788 471 974 552 Ὀλυμπίας·

235 555 369 625 Ἕνθάδε
389 557 447 645 γάρ
474 563 563 637 εἰσιν,
591 556 633 635 ὥς
654 582 749 644 φησιν
776 553 793 622 ὅ
815 552 1012 631 διδάσκαλος.

154 648 226 714 Alia
247 668 322 732 quae
348 645 384 710 de
406 645 593 735 Theopompi
618 644 740 729 reliquis
769 641 928 707 comoediis
955 645 986 705 et
1011 637 1049 703 de
1076 633 1227 705 Strothde
1252 638 1328 703 suh·

154 735 280 821 iungere
301 730 524 813 constitueram,
553 731 586 794 in
607 728 785 795 commodius
806 733 920 816 tempus
941 722 1052 791 distuli.

579 1519 770 1588 CAPUT
812 1521 897 1590 tun.

236 1742 409 1819 Αινίγιὶαε
442 1739 642 1847 fragmentum
676 1763 716 1806 ex
748 1739 854 1806 Conno
888 1739 1001 1829 legitur
1030 1738 1106 1829 apud
1134 1738 1326 1805 Athonem

151 1823 221 1895 vll.
241 1847 270 1914 p.
291 1827 356 1889 327
376 1823 427 1887 D:
451 1827 590 1907 Φαγρος·
613 1862 656 1873 -
680 1823 861 1907 μνημονεύει
882 1828 901 1889 δ
907 1824 917 1849 ²
941 1822 1045 1892 oiseis
1069 1826 1124 1889 καλ
1140 1822 1327 1911 Mutarim

151 1912 184 1976 ίν
206 1908 465 1994 Θουριοπέρσαις·
483 1907 657 1990 Ἀμειψίας
678 1909 711 1976 δ’
734 1913 766 1974 ἐν
788 1909 914 1997 Κόννῳ·

231 1993 375 2085 ’ῼρφοῖσι
397 1992 546 2074 σελαχίοις
567 2018 598 2057 σε
626 1996 677 2058 καί
699 1990 944 2086 φάγροιςβορά.

150 2095 199 2161 lto
209 2081 529 2181 Schweigffieffis
535 2082 830 2182 seripsitss'eil‘niiud
846 2097 914 2183 quid
925 2096 1019 2161 lutere
1039 2100 1172 2183 arguunt
1190 2094 1323 2161 rodim

150 2180 309 2261 lectiones,
329 2200 398 2243 nam
420 2179 451 2242 in
473 2178 536 2242 cod.
558 2177 588 2241 A
609 2179 736 2267 legitur:
759 2206 811 2245 ασι
832 2188 925 2269 βορα,
945 2182 979 2246 in
998 2179 1027 2247 B
1048 2179 1101 2246 eim
1120 2184 1222 2264 βορα,
1242 2176 1324 2245 inl’

151 2264 295 2346 ἆσϊβορα.
336 2258 416 2327 Mihi
437 2262 623 2327 scribendum
643 2265 774 2330 videtur:

231 2348 376 2432 Ὀρφοῖσι
396 2347 548 2428 σελαχίοις
567 2370 599 2411 τε
621 2352 673 2413 καί

238 2428 389 2515 Φάγροισι
409 2427 515 2496 κάάσιν
534 2428 626 2518 βορά.

151 2519 216 2585 sive
236 2516 321 2583 malis
343 2511 463 2600 κήάσιν·
484 2514 548 2580 δάν
569 2519 646 2583 enim
664 2519 727 2582 sive
748 2515 812 2600 ἠών
831 2520 921 2607 piscis
944 2540 1040 2608 genus
1060 2519 1127 2601 fuit,
1146 2516 1322 2605 vithflrny·

151 2603 248 2667 chius:
273 2600 378 2666 ’Arum
407 2599 499 2683 λχθδς
525 2611 620 2678 ποῖος.
662 2603 690 2668 is
718 2604 754 2666 ah
775 2601 953 2692 Epicharmo
974 2624 1088 2692 quoqne
1112 2624 1178 2669 enm
1204 2602 1322 2695 phagro

153 2686 342 2773 coniungitur
362 2685 437 2774 apud
460 2684 647 2752 Athenaeum
667 2686 737 2756 Vll.
757 2709 787 2776 p.
808 2690 870 2753 321
893 2688 941 2753 D:

235 2767 347 2845 Ἀόνες
393 2768 481 2854 άγροι
501 2794 534 2835 τε
547 2768 699 2855 λάβρακές
718 2795 751 2835 τε
771 2775 822 2836 καί
844 2776 895 2837 ταί
916 2773 1016 2849 πίονες

234 2858 432 2939 Σκατοφαγοι
452 2850 568 2919 σάλπαι
588 2856 768 2940 βδελυχραί,
790 2854 877 2922 άδίαι
899 2855 930 2922 δ’
954 2858 987 2923 ἓν
1006 2862 1051 2945 τῷ
1071 2856 1170 2943 δίριι.

152 2955 336 3024 Fritrsehius
356 2961 454 3021 tamen
475 2955 507 3020 in
527 2955 647 3031 Quaest.
669 2957 862 3046 Aristophan.
883 2980 912 3047 p.
934 2956 998 3025 254
1018 2958 1060 3023 ita
1080 2956 1220 3049 corrigit:

233 3039 361 3126 Ὀρφοῖς
384 3041 535 3122 σελαχίοις
556 3043 607 3104 καί
629 3041 759 3127 φάγροις
779 3042 833 3128 ἔσῃ
854 3039 947 3127 βορά.

153 3134 184 3192 at
202 3126 281 3191 istud
302 3124 417 3211 quidem
438 3126 535 3191 minus
555 3128 705 3214 probatur.
739 3126 878 3192 Ceterum
899 3127 1027 3193 maxima
1048 3126 1210 3193 similitudo
1228 3126 1322 3193 intem

152 3212 229 3276 redit
248 3212 326 3275 inter
345 3210 564 3299 hochmipsiae
584 3211 783 3299 fragmentum
805 3221 836 3277 et
854 3234 960 3278 versus
974 3212 1121 3296 Platonis,
1141 3233 1217 3299 quor
1225 3210 1321 3279 Atine-

150 3318 244 3362 naeus
267 3294 334 3364 Vll.
355 3316 383 3383 p.
403 3295 468 3359 31⁵
489 3294 526 3361 0.
548 3297 698 3360 servavit:
724 3293 860 3361 Πλάτων
880 3300 1078 3384 Κλεοφῶντι·

302 3378 344 3443 Σὲ
364 3378 422 3462 γάρ
443 3385 539 3462 γραῦ,
561 3377 784 3469 συγκατῴκισεν
804 3383 927 3467 σαπρὰν

232 3460 374 3548 Ὀρφοΐσι
395 3467 545 3546 σελαχίοις
564 3488 598 3529 τε
618 3468 668 3529 καλ
691 3462 820 3551 φάγροις
839 3465 949 3550 βοράν.

151 3549 185 3613 in
204 3553 326 3632 utroquo
353 3559 449 3613 autem
475 3549 540 3614 loco
561 3558 591 3614 et
611 3550 765 3655 Amipsioe
787 3560 817 3616 et
835 3552 972 3617 Plutonis
997 3548 1185 3616 scribendum
1212 3570 1321 3617 nemen

152 3631 319 3783 ρρφῶσιι
339 3632 480 3786 mpippres
495 3633 695 3786 pppegraeer
715 3632 813 3723 ὀρφὸς
833 3637 978 3719 dicebant,
999 3638 1042 3701 uti
1055 3634 1223 3702 Numenius
1243 3634 1323 3725 sputi

216 3739 339 3782 enoenm
421 3740 474 3807 .p.
618 3744 626 3784 ι

237 3807 327 3867 Τοῖσι
349 3826 397 3866 κεν
417 3802 573 3887 ,εὐμαρέως
583 3800 732 3887 θαλάμης
752 3801 815 3870 άπο
835 3804 956 3892 μακράν
976 3803 1089 3892 άείροις

234 3888 388 3967 Σκορπίον
408 3884 427 3970 ἢ
449 3886 548 3974 ὄρφδν
568 3889 760 3975 περιτρηχέα.

150 3992 181 4052 nt
200 3986 293 4052 Attici
314 4010 430 4078 semper
452 3986 572 4075 δρφιιίς,
598 3992 640 4056 uti
661 3990 878 4081 Aristophanes
898 3991 931 4057 in
951 3988 1061 4079 Vespis
1082 4010 1111 4056 v.
1131 3986 1213 4059 493:

225 4084 287 4151 Ἢν
307 4088 362 4169 μὲν
383 4087 500 4172 ὠνῆταί
508 4115 554 4168 τις
575 4089 690 4179 ὀρφώς,
704 4089 885 4177 μεμβράδας
907 4092 941 4157 δὲ
958 4090 1003 4174 μὴ
1024 4091 1115 4178 stup.

149 4189 200 4255 uhi
219 4187 389 4255 Scholiasta
408 4192 482 4257 hoec
501 4194 628 4260 notavit:
667 4192 721 4258 Ἔν
740 4203 804 4271 τοῖς
829 4194 979 4271 πλείστοις
1000 4191 1120 4280 ὀρφῶς·
1148 4186 1182 4257 ἵν
1200 4212 1264 4257 τισι
1284 4190 1319 4257 δὲ

148 4270 282 4361 δρφοδς·
308 4272 427 4359 μήποτε
448 4277 483 4345 δὲ
502 4281 554 4346 καλ
575 4278 611 4346 εδ
632 4276 730 4345 ἔνικδν
749 4285 807 4347 τοῦ
827 4275 938 4365 λχθάος
960 4274 1057 4356 οὕτως
1077 4274 1180 4363 ἔλεγον
1200 4274 1318 4365 δρφάς,
