2768 4770
316 241 375 308 DE
397 240 540 317 aaut.
562 238 749 310 comodo.
771 238 876 309 ATT.
898 241 1043 321 tuturo.
1196 250 1259 316 toa

84 403 183 502 quae,
199 411 269 500 ‘'etsi
296 410 369 477 Solo
401 410 438 475 ab
459 406 677 497 Aegyptiorum
707 410 908 476 sacerdotibus
936 435 970 478 se
997 414 1145 502 accepisse
1172 415 1258 498 dixit,

84 499 180 564 Pisto
202 505 298 560 autem
325 495 447 559 liberius
460 514 517 558 suo
540 495 662 558 arbitrio
688 496 897 578 conformavit,
925 505 1023 561 mmeu
1049 519 1110 562 non
1135 500 1259 565 obscure

84 583 236 672 produnt,
258 579 384 643 similem
404 578 547 726 <pandam
574 580 680 643 lamam
701 579 792 663 vulgo
814 581 845 642 in
867 583 993 645 omnium
1020 583 1115 647 fuisse
1136 604 1201 648 ore:
1227 586 1257 649 id

86 666 170 752 quod
198 664 383 753 apertissime
429 664 480 727 icit
505 662 593 726 Plato
619 663 652 726 in
678 662 804 728 Politice
829 686 858 753 p.
878 667 958 747 271,
1000 667 1050 730 ubi
1076 667 1197 733 disserit
1222 671 1259 733 de

84 750 187 816 variis
212 748 312 813 rerum
333 757 455 812 naturae
475 746 724 811 vicissitudinibus
750 757 781 811 et
800 750 1120 816 transformationibus:
1157 752 1204 816 Tb
1226 756 1259 816 δι’

88 832 213 921 γηγενές
233 829 392 897 είναίποτε
412 831 497 915 γένος
518 832 625 913 λεχθὲν
643 831 723 896 τοῦτ’
746 827 784 915 ἦν
804 831 840 896 τὸ
861 833 925 897 κατ’
945 835 1056 899 ἐκεῖνον
1076 836 1131 900 τὸν
1148 835 1259 942 ηρόνον

92 923 128 986 ἐκ
148 922 206 1004 γῆς
230 914 322 980 πόλιν
342 910 622 1002 ἀναστρεφόμενον·
655 913 913 999 ἀπεμνημονεόετο
935 919 970 982 δέ
989 914 1049 982 ἀπὸ
1070 925 1133 984 τῶν
1152 914 1284 1003 ημετέ-Ι

93 1028 158 1090 ρων
179 999 336 1088 προγόνων
353 1007 415 1066 τῶν
433 997 572 1084 πρῶτων,
594 1000 623 1065 oi
643 999 809 1088 τελευτώσῃ
821 1003 878 1081 μὲν
897 1007 936 1088 τῇ
957 1004 1092 1093 προτέρᾳ
1106 1012 1260 1094 περιφορᾷ

92 1087 149 1155 τὸν
170 1085 240 1168 ἑξῆς
256 1082 370 1171 χρόνον
390 1082 569 1170 ίγειτόνουν,
596 1086 688 1166 τῆσδε
709 1086 741 1150 δὲ
761 1086 831 1151 κατ’
855 1085 954 1173 ἀρχάς
975 1086 1122 1175 έφόοντο·
1143 1088 1261 1155 τοότιον

92 1170 154 1259 γάρ
176 1163 261 1236 οὗτοι
282 1167 410 1254 κήρυκες
436 1168 572 1253 ἐγένονθ’
600 1168 674 1253 ἡμίν
700 1176 759 1235 τῶν
779 1168 891 1255 λόγων,
922 1173 956 1237 ol*
976 1178 1031 1237 νῦν
1056 1168 1118 1238 ἀπὸ
1139 1179 1262 1239 πολλῶν

96 1256 154 1322 eds
175 1255 282 1338 ὀρθῶς
302 1255 511 1320 ἀπιστοῦνται.
553 1253 595 1319 Et
618 1254 725 1332 abhis
748 1257 822 1346 ipsis
843 1257 1023 1345 terrigenis,
1054 1259 1164 1358 quiex
1186 1260 1261 1324 anti·

96 1360 154 1429 qua
174 1341 276 1406 mundi
294 1341 391 1405 forma
411 1339 443 1403 in
464 1361 569 1403 novam
592 1347 662 1422 sunt
679 1341 848 1431 propagati,
869 1343 1010 1407 memoria
1029 1343 1173 1432 pristinae
1194 1345 1260 1408 feli·

97 1427 212 1508 citatis,
264 1447 318 1490 uae
349 1425 447 1488 fuerat
475 1425 529 1488 sub
556 1421 679 1489 Saturni
711 1425 746 1489 im
768 1427 848 1507 erio,
880 1427 989 1492 tradita
1002 1428 1159 1534 posteris,
1201 1429 1262 1493 vid.

96 1509 185 1575 Plato
207 1446 277 1574 ibid.
303 1509 373 1573 ΣΩ.
390 1508 483 1573 >rita
505 1507 556 1573 διά
577 1507 630 1572 τὸν
649 1509 734 1588 βίον,
758 1534 793 1574 ον
813 1512 862 1574 aa
883 1516 939 1595 τῆς
959 1514 1084 1596 Κρονου
1106 1509 1168 1596 φής
1188 1508 1264 1576 εἶναι

98 1591 287 1676 amasam,
301 1591 430 1675 πότερον
450 1596 482 1657 ἐν
503 1595 629 1668 ἐκείναις
654 1584 692 1674 ἦν
717 1603 780 1670 ταῖς
804 1605 934 1678 τροπαῖς
959 1593 979 1678 ἢ
1001 1598 1034 1661 ἒν
1053 1599 1176 1663 cetram
1207 1597 1264 1679 τὴν

97 1678 165 1762 μέν’1
173 1677 235 1762 γάρ
254 1683 316 1743 τῶν
327 1676 447 1762 ἀστρων
468 1679 572 1740 τεικαλ
593 1677 681 1758 ἡλίου
701 1678 871 1760 μεταβολὴν
891 1681 985 1761 δῆλον
1005 1675 1048 1756 ῶς
1061 1679 1263 1766 ένὲκατέραις

94 1764 264 1843 συμπίπτει
284 1772 351 1839 ταῖς
372 1770 501 1843 τροπαῖς
520 1760 688 1845 γίγνεσθαι.
721 1757 784 1829 ΞΕ.
802 1765 917 1838 Καλῶς
937 1768 981 1848 τῷ
1002 1759 1083 1850 λόγῳ
1104 1767 1264 1850 ξυμπαρη-

100 1846 310 1930 κολοόθηκας·
343 1845 414 1910 bd’
441 1844 519 1927 ἤρου
535 1848 613 1930 ’περὶ
638 1849 695 1909 ταῶ
725 1844 764 1907 τά
787 1843 888 1910 πάντα
918 1844 1081 1927 αάτόματα
1106 1851 1265 1933 γίγνεσθαι

100 1942 165 2008 τοῖς
186 1929 379 2018 ἀνθρώποις,
406 1927 516 2014 ἥκιστα
542 1935 599 2012 τῆς
623 1936 679 1993 νῦν
704 1929 769 1994 ἔστι
793 1932 1018 2014 καθεστηκυίας
1044 1939 1161 2018 φορᾶς,
1189 1931 1260 1997 ἀλλ’

87 2006 140 2100 ἦν
159 2019 211 2081 καί
232 2022 324 2081 rodco
345 2022 406 2096 τῆς·
420 2014 606 2099 ἔμπροσθεν.
627 2013 746 2079 Deinde
762 2016 853 2100 qualis
873 2016 936 2081 vita
954 2017 1047 2081 fuerit
1066 2038 1140 2082 aevo
1159 2014 1265 2083 Satur·

99 2103 152 2167 nio
173 2101 324 2183 describit,
344 2123 408 2165 cum
428 2099 530 2189 procul
550 2099 659 2164 bellum
680 2107 766 2184 atque
787 2099 936 2166 dissidium
957 2101 1075 2183 aluerit,
1096 2123 1161 2167 cum
1181 2102 1265 2166 nulla
1340 2179 1343 2184 ,

102 2188 186 2267 iura,
209 2186 309 2250 nullae
330 2185 414 2272 leges
441 2184 625 2272 descriptae,
648 2183 730 2248 nulla
750 2184 873 2250 civitatis
893 2185 989 2252 forma
1009 2187 1181 2269 constituta,
1208 2208 1265 2251 nec

87 2348 90 2356 ‚
102 2291 228 2335 uxorum
242 2271 367 2354 denique
383 2279 432 2332 aut
445 2269 604 2333 liberorum
618 2268 768 2357 possessio
788 2270 876 2335 luerit
895 2271 1056 2358 permissa,
1077 2292 1178 2336 rerum
1191 2292 1264 2335 vero

102 2356 232 2421 omnium
253 2375 366 2418 summa
387 2353 554 2430 affluentia:
587 2374 672 2438 quam
698 2353 830 2442 inprimis
850 2376 879 2444 p.
899 2357 964 2420 272
984 2356 1024 2420 A.
1046 2364 1264 2420 commemorat:

102 2437 257 2525 Καρποάς
273 2440 307 2502 δέ
327 2434 487 2523 ἀφθόνους
509 2433 588 2518 είχον
609 2434 671 2500 ἀπό
690 2460 722 2500 τε
744 2438 842 2521 δρυῶν
857 2441 909 2502 καλ
929 2444 1045 2520 πολλῆς
1064 2435 1140 2522 όλης
1161 2437 1265 2520 ἀλλης,

104 2522 162 2606 σάχ
181 2519 242 2587 tna
262 2522 407 2607 γεωργίας
428 2522 609 2607 φυομένους,
630 2519 696 2584 ἀλλ’
709 2519 882 2606 αάτομάτης
901 2519 1106 2606 ἀναδιδούσης
1125 2529 1180 2605 τῆς
1199 2529 1265 2607 γῆς·

102 2610 214 2693 γυμνοί
236 2608 270 2672 δὲ
294 2612 344 2671 καί
372 2605 524 2687 ἀστρωτοι
551 2611 779 2690 θυραυλοῦντες
803 2607 940 2672 ταπολλά
960 2608 1118 2689 ἐνέμοντο·
1145 2608 1182 2672 sd
1206 2608 1270 2692 γὰρ

104 2698 175 2758 τῶν
189 2689 279 2776 ῶρῶν
299 2690 404 2767 αὐτοῖς
430 2689 547 2756 ἀλυπον
567 2690 724 2776 ἐκέκρατο·
751 2694 891 2772 μαλακὰς
911 2692 945 2757 δέ
965 2691 1053 2768 εάνδς
1074 2688 1168 2774 εἶχον,
1190 2690 1270 2756 doo-

104 2779 263 2864 φυομένης
284 2778 317 2840 tu
337 2781 392 2860 γῆς
413 2775 491 2852 πόας
513 2772 672 2862 ἀφθόνου·
695 2775 750 2840 τὸν
771 2775 809 2858 δὴ
829 2781 910 2858 βίον,
932 2768 957 2842 ὦ
979 2774 1150 2862 Σῶκρατις,
1173 2774 1268 2842 ἀκοό-

104 2886 149 2939 εις
180 2861 236 2942 μέν
262 2860 318 2925 τὸν
342 2868 403 2924 τῶν
429 2863 478 2926 ἐπὶ
506 2857 639 2942 Κρόνου.
682 2859 804 2925 Saturni
830 2863 981 2951 imperium
1011 2884 1116 2928 rursus
1144 2882 1268 2927 nomme·

103 2952 203 3013 morat
222 2945 303 3010 infra
322 2966 351 3032 p.
373 2947 435 3010 276
456 2946 496 3011 A.
538 2945 643 3010 Facile
664 2952 760 3010 autem
781 2956 909 3035 apparet,
930 2948 1072 3033 quomodo
1089 2962 1134 3012 ‘ex
1152 2947 1201 3010 his
1222 2947 1268 3008 in·

102 3031 264 3097 crementis
285 3030 355 3094 illae
376 3031 518 3118 pristinae
539 3029 689 3095 felicitatis
706 3030 932 3119 descriptiones,
953 3053 1026 3116 quas
1042 3031 1145 3096 comici
1165 3037 1268 3118 poetae
1338 3075 1340 3081 -

103 3115 265 3195 exhibent,
285 3115 433 3202 potuerint
454 3114 651 3179 efflorescere.
686 3114 847 3199 Antiquam
868 3124 962 3180 autem
984 3117 1056 3180 satis
1076 3116 1171 3178 luisse
1192 3112 1269 3203 apud

102 3200 224 3266 Atticos
237 3199 370 3263 Saturnii
382 3201 447 3263 aevi
465 3200 644 3280 memoriam,
664 3200 750 3263 etiam
765 3221 804 3262 ex
820 3199 888 3264 aliis
903 3202 992 3264 rebus
1006 3198 1150 3299 colligere
1164 3217 1273 3286 possus

103 3305 189 3364 mus,
209 3284 336 3348 maxime
359 3305 471 3365 exeo,
500 3283 576 3368 quod
596 3283 725 3348 Athenis
752 3284 784 3347 in
809 3285 950 3349 honorem
971 3283 1094 3349 Saturni
1115 3283 1179 3349 dies
1200 3284 1272 3347 festi

103 3368 348 3449 celebrabantur,
367 3369 442 3517 pund
459 3375 583 3432 testatur
597 3367 698 3432 Attius
718 3368 793 3457 apud
810 3368 942 3434 Macrob.
963 3368 1037 3433 1.7:
1065 3365 1150 3450 „Sed
1166 3388 1206 3433 ex
1222 3367 1270 3430 bis

103 3452 223 3534 causis,
263 3474 337 3538 quoe
387 3475 403 3516 e
431 3454 475 3516 ori
500 3453 549 3517 inc
576 3453 648 3518 festi
683 3453 795 3517 relatae
826 3459 911 3536 sunt,
953 3461 1074 3542 apparet
1100 3451 1273 3517 Saturnalia·
1335 3494 1337 3499 ,

103 3538 271 3602 vetustiora
291 3555 358 3602 esse
378 3538 451 3602 urbe
503 3558 621 3601 omana:
644 3536 716 3602 adeo
737 3545 769 3601 ut
790 3537 994 3603 anteRomam
1015 3538 1047 3602 in
1069 3538 1196 3602 Graecia
1215 3537 1272 3600 hoc

103 3621 241 3687 solemne
262 3623 395 3710 coepisse
416 3620 456 3685 L.
471 3620 581 3686 Accius
601 3623 634 3686 in
646 3621 814 3687 Annalibus
835 3623 897 3687 suis
917 3624 1031 3687 referat
1051 3622 1097 3688 his
1119 3620 1270 3688 versibusr

192 3705 417 3793 Maxumpars
438 3706 560 3771 Graium
581 3705 710 3771 Saturno
736 3714 766 3772 et
786 3708 913 3772 maxime
932 3707 1070 3772 Athenae

195 3789 364 3855 Conficiunt
385 3813 488 3871 sacra,
508 3811 582 3874 quae
604 3789 717 3857 Cronia
738 3813 805 3856 osse
825 3792 970 3856 iterantur
991 3791 1121 3856 abillis:

194 3874 327 3959 Eumque
348 3874 424 3939 diem
446 3875 613 3956 celebrant,
633 3897 688 3963 per
709 3897 799 3963 agros
822 3878 965 3962 urbesque
986 3877 1054 3940 lere
1073 3895 1174 3943 omnes

194 3958 348 4023 Exercent
368 3960 461 4047 epulis
484 3959 553 4023 laeti
573 3959 755 4045 famulosque
776 3970 934 4049 procurant
1227 3958 1230 3965 ’
1265 3958 1277 3973 ”“

196 4043 327 4128 Quisque
348 4065 433 4108 suos:
461 4044 730 4129 commeatalem
753 4053 782 4109 et
802 4066 865 4114 mos
887 4045 1011 4112 traditus
1033 4044 1115 4108 illinc

195 4127 273 4209 lste,
295 4136 327 4191 ut
347 4150 410 4193 cum
433 4129 558 4194 dominis
579 4128 680 4193 famuli
703 4128 857 4218 epulentur
876 4129 994 4196 ibidem.

108 4210 153 4276 Et
179 4214 374 4299 gravissimus
400 4221 500 4278 auctor
520 4212 717 4279 Philochorus
744 4213 939 4282 ibid.l.10:
971 4211 1192 4296 „Philochorus
1218 4207 1274 4275 Sa·

111 4307 200 4361 turno
222 4304 251 4362 et
272 4296 329 4385 Opi
347 4298 470 4386 primum
491 4299 523 4362 in
544 4296 645 4363 Attica
666 4301 805 4365 statuisse
832 4320 913 4367 aram
934 4297 1097 4387 Cecropem
1118 4295 1189 4361 dicit
1209 4316 1275 4358 eos·

990 4399 1032 4466 13
