2760 4792
147 211 191 278 32
532 206 935 279 commendaremus

148 403 211 459 σιν,
242 374 474 462 χαλεπανοῦμέν
499 398 532 440 τε
558 376 608 440 καλ
627 374 724 462 χορὸν
747 375 789 442 ού
805 375 953 460 δαίσομεν.
996 378 1236 448 Consentaneum
1256 381 1316 472 igi-

148 472 196 530 tur
221 472 267 538 est
293 463 483 550 magistratus
509 462 627 526 veniam
655 462 774 538 fabulae
806 463 954 529 docendae
983 465 1116 547 dedisse,
1158 469 1316 568 praecipue

149 572 212 614 cum
234 549 271 614 ad
293 548 441 613 archontis
463 552 634 634 potestatem
656 549 750 612 omnis
773 570 843 613 cura
860 550 964 612 harum
985 551 1186 616 rerumfuemt
1206 553 1315 636 delata,

147 635 190 698 ita
202 635 288 698 etiam
305 634 417 696 iudices
438 632 470 694 in
491 631 698 696 certaminibus
719 634 839 698 musicis
862 634 1014 699 sortitione
1035 635 1169 701 instituta
1191 637 1314 725 delegit,

147 719 206 783 vid.
234 718 384 782 Plutarch.
412 717 463 780 vit.
491 713 607 780 Cimon.
635 739 660 780 e.
686 718 732 782 8.:
774 712 911 803 Πρῶτην
937 717 995 803 γάρ
1028 721 1230 785 διδασκαλίαν
1258 728 1314 787 τοῦ
1375 760 1376 765 1

147 802 341 889 Σοφοκλέους
362 801 405 865 ἐτι
426 800 495 864 νέου
521 800 671 877 καθέντος
686 800 842 888 Ἀφεψίων
863 799 880 866 ὃ
902 799 1018 888 άρχων,
1055 808 1238 891 φιλονεικίας
1260 804 1315 872 ού-

146 913 208 995 ρης
224 889 273 950 καὶ
295 881 493 974 παρατάξεως
517 891 580 949 τῶν
605 892 741 965 θεατῶν,
784 887 890 973 κριτὰς
915 889 971 970 μὲν
998 887 1063 954 oda
1079 887 1229 977 ἐκλήρωσε
1255 898 1314 958 τοῦ

143 996 269 1057 αγωνος.

228 1055 327 1142 Atque
353 1055 385 1120 in
414 1055 537 1120 eundem
565 1056 733 1120 archontem
762 1057 895 1142 graviter
920 1058 1070 1133 invehitur
1092 1058 1232 1125 Cratinus
1254 1060 1313 1127 alio

145 1140 209 1207 loco
231 1141 361 1206 eiusdem
383 1141 516 1220 fabulae,
549 1159 634 1223 quem
661 1143 792 1205 serravit
811 1140 984 1206 Athenaeus
1005 1143 1088 1213 XIV.
1110 1167 1139 1233 p.
1160 1146 1234 1212 638.
1255 1145 1314 1213 lh:

140 1223 180 1291 Ὀ
206 1226 240 1290 δέ
264 1224 337 1300 τούς
364 1228 405 1300 εἷς
431 1223 587 1304 Χιωνίδην
618 1222 864 1309 ἀναφερομένους
895 1224 1026 1308 ποιήσας
1051 1228 1204 1310 Πτωχοὺς
1230 1233 1262 1294 Γ
1256 1257 1315 1314 νη-

145 1312 263 1419 σι’ππορΙ
284 1308 365 1386 τινὸς
378 1303 571 1391 μνημονεύει
599 1306 843 1397 παιγνιαγράφου
870 1316 925 1393 τῆς
952 1313 1060 1394 ἱλαρής
1084 1311 1220 1400 μούσης,
1262 1315 1315 1381 λέ-
1366 1348 1370 1353 ·

163 1421 205 1461 ων
226 1421 306 1459 ουτω
330 1415 339 1434 ·

143 1421 162 1482 γ
231 1421 332 1543 Ταύτς’
357 1475 392 1541 ού
414 1476 460 1556 μὰ
480 1477 546 1540 Δία
566 1473 758 1559 Γνήσιππος,
787 1476 860 1543 odda*
880 1479 1056 1563 Κλεομένης
1066 1483 1095 1565 λ)

225 1563 278 1628 Ἐν
299 1562 373 1628 ἐννέ’
398 1559 435 1625 ἂν
452 1564 582 1646 χορδαῖς
603 1562 862 1646 κατεγλυκάνατοι

145 1651 195 1715 καὶ
219 1646 234 1713 ὃ
256 1647 330 1724 τούς
350 1649 488 1723 Ελλωτας
510 1647 543 1711 δέ
564 1647 735 1730 πεποιηκῶς
756 1672 848 1734 φησι·

231 1734 281 1798 Τὰ
312 1729 504 1827 Στησιχόρου
541 1756 573 1839 τε
589 1735 661 1879 'aaut
698 1733 866 1817 Ἀλκμᾶνος
897 1734 1071 1816 Σιμωνίδου
1111 1733 1142 1800 τ’
1182 1732 1313 1823 άρχαῖον

548 1841 592 1879 (stt
615 1838 672 1880 ξύν’
767 1840 769 1846 .

223 1901 262 1968 ‘O
283 1902 316 1966 δέ
337 1906 369 1969 Γ
366 1898 513 1984 νήσιππύς
534 1903 616 1966 ἐστιν
636 1900 772 1967 ἀκούειν·

229 1990 340 2064 Κεῖνος
360 1985 507 2070 νυκτερίν’
531 1977 598 2070 εύρε
623 1997 742 2069 μοιχοῖς
763 1986 904 2068 ἀείσματ’
928 1988 1124 2053 ἐκκαλεῖσθαι

227 2077 259 2137 Γ
256 2083 381 2147 υναῖκας
401 2071 526 2152 ἔχοντας
547 2068 700 2153 ἰαμβύκην
721 2095 752 2134 τε
773 2074 823 2134 καὶ
845 2072 1052 2158 τρι’γωνον.”)

143 2163 297 2246 Κρατῖνος
318 2159 350 2220 ἐν
374 2159 580 2230 Μαλθακοῖς·

231 2244 287 2317 Τίς
304 2238 360 2345 ἐρ’
385 2237 483 2323 ἔρωτά
503 2237 539 2319 μ’
565 2234 661 2314 οἶδεν,
683 2228 709 2301 ῶ
729 2240 759 2300 Γ
756 2233 897 2321 νήσιππ’,·
927 2238 985 2323 ἐγῶ
1007 2244 1113 2327 πολλή
1124 2245 1215 2329 χολή.

231 2325 345 2407 Οίομαι
365 2323 424 2409 γὰρ
445 2323 542 2406 μηδέν
564 2319 659 2397 ούτως
678 2321 783 2404 μωρδν
803 2319 877 2385 εἶναι
899 2326 950 2387 καὶ
971 2323 1064 2388 κενόν.

143 2406 281 2478 nudum
303 2411 337 2474 δέ
358 2408 452 2473 αὐτὸν
473 2411 515 2483 εἰς
535 2406 575 2471 τὰ
595 2405 752 2488 ποιήματα
774 2410 824 2470 καλ
846 2406 1083 2486 ἐν-Βουκύλοις·
1179 2434 1182 2441 ·

219 2495 277 2571 Ὃς
299 2494 354 2560 ούκ
376 2491 465 2558 ἔδωκ’
490 2495 624 2558 αἰτοῦντι
645 2493 811 2578 Σοφοκλέει
829 2490 933 2580 χορόν,

228 2586 284 2669 Τῷ
305 2576 477 2665 Κλεομάχῳ
500 2578 544 2660 δ’,
571 2576 605 2641 δν
627 2577 683 2640 oda
703 2576 741 2641 dv
762 2577 865 2659 ἠξίουν
886 2577 944 2664 ἐγῶ

222 2664 308 2746 Ἐμοὶ
330 2662 483 2729 διδάσκειν
503 2661 571 2728 οὐδ’
596 2660 634 2726 ῶν
655 2665 696 2738 εἷς
711 2659 850 2729 Ἀδώνια.

138 2751 190 2815 Ἐν
210 2752 245 2816 δὲ
264 2760 332 2826 ταῖς
346 2748 472 2832 Ὥραις·
689 2747 691 2751 ’

529 2829 600 2896 ’Ίτω
622 2832 656 2894 δέ
676 2833 726 2895 καὶ
748 2833 920 2918 τραγῳδίας

219 2917 258 2984 Ὁ
280 2914 460 3000 Κλεόμαχος
482 2913 681 2994 διδάσκαλος,
704 2922 931 3001 παρατιλτριῶν

216 3002 316 3086 ’Έχων
333 3003 427 3089 χορὸν
447 3005 584 3067 Λυδιστὶ
605 3008 772 3066 τιλλουσῶν
792 3001 869 3084 μέλη

222 3093 293 3157 Πον
334 3086 364 3152 ά.

142 3114 343 3259 Τηλεκλείάής
370 3172 402 3238 δ’
432 3174 464 3237 ἐν
490 3181 554 3247 τοῖς
574 3175 725 3256 Στερροῖς
740 3173 789 3234 καὶ
813 3172 878 3255 περὶ
899 3169 1036 3254 μοιχείας
1057 3167 1313 3255 ἀναστρέφεσθαί

141 3285 235 3347 φησιν
256 3257 358 3323 αὐτόν.
402 3259 487 3323 Haec
509 3261 606 3321 omnia
628 3264 712 3320 erant
732 3256 942 3338 adscribenda,
977 3277 1033 3340 quo
1055 3255 1158 3320 melius
1178 3253 1310 3344 perspici

138 3347 248 3437 possit,
285 3345 321 3409 de
353 3366 408 3431 quo
430 3351 545 3432 agatur.
589 3341 768 3430 Gnesippum
790 3341 882 3423 enim,
911 3341 1052 3405 lascivum
1074 3339 1217 3426 quendam
1237 3360 1310 3428 poe·

206 3653 233 3721 ³)
270 3651 362 3705 Deleri
396 3651 535 3704 articulum
564 3652 626 3701 ante
655 3664 752 3700 nomen
776 3646 943 3701 Cleomenis:
978 3645 1090 3698 eundem
1118 3647 1308 3697 commemorat

137 3721 273 3793 Epicrates
290 3720 318 3772 in
335 3720 466 3772 Antilaide
488 3735 531 3788 ap.
549 3717 645 3770 Athen.
663 3717 733 3768 XIV.
751 3734 778 3784 p-
796 3713 855 3768 605.
874 3715 924 3768 D.:

275 3783 411 3858 Τάρωτίκ’
432 3784 615 3855 ἐκμεμάθηκα
633 3783 715 3834 ταῦτα
733 3782 880 3846 παντελῶς,

271 3855 421 3924 Σαπφοῦς,
439 3846 583 3917 Μελήτου,
601 3852 789 3920 Κλεομένους,
807 3850 988 3918 Λαμυνθίου.

136 3929 199 3983 Non
215 3925 332 3978 diversus
348 3924 452 3976 ridetur
468 3940 484 3975 a
498 3923 640 3975 Cleomene
658 3919 778 3984 eregino
796 3917 1019 3982 dithyramborum
1035 3919 1123 3984 poeta,
1141 3930 1220 3982 quem
1230 3928 1308 3966 com-

135 3999 264 4047 memorat
285 3991 382 4044 Athen.
406 3993 453 4044 lx.
477 4009 505 4060 p.
529 3988 589 4042 402.
613 3989 660 4041 A.:
703 3979 796 4036 Πάλαι
818 3981 873 4056 γὰρ
897 3977 1025 4050 τυγχάνω
1048 3977 1214 4050 ἀνεγνωκώς
1241 3975 1308 4040 τούς

135 4063 311 4178 Κλεομήνοης
327 4060 374 4111 τοῦ
387 4053 514 4127 Ῥηγίνου
532 4052 730 4127 διθυράμβους,
748 4041 789 4106 ὧν
805 4051 837 4104 ἐν
853 4051 892 4119 cpi
907 4048 1126 4122 ἐπιγραφομένῳ
1144 4041 1304 4119 Μελεάγρῳ
1325 4100 1345 4111 χ

136 4145 213 4181 τουτο
244 4142 382 4197 στορηται.
1286 4141 1290 4147 ·

71 4292 74 4298 ,
203 4230 245 4296 ”)
281 4231 355 4283 Haec
372 4243 477 4296 quoque
493 4226 558 4278 satis
575 4227 700 4293 corrupta
715 4224 794 4287 longe
810 4218 887 4272 aliter
903 4218 1087 4273 constituenda
1103 4223 1194 4282 erant,
1221 4232 1318 4287 quam*

132 4301 212 4365 vulgo
228 4298 340 4366 [ποίησις
355 4297 401 4350 sed
418 4292 508 4348 dehis
525 4293 590 4347 alias
607 4294 693 4363 plura.
