2768 4770
227 185 286 253 ns
306 186 451 263 numu.
472 182 662 270 consono.
681 183 952 264 Anu..snum.
1115 193 1177 259 sn

84 355 374 529 :qaunqtqqepiqqqqqnnq
399 354 587 525 qqiqqustqq,
600 353 1022 529 siiilaiiiiiffliilaiomqiiiiili
1040 362 1184 531 qqqthqenq

84 527 148 593 imo
168 524 236 592 odio
256 525 494 609 insectarentur,
518 545 614 611 nequo
634 546 708 590 vero
728 525 888 608 docerent,
915 526 985 611 quid
1012 526 1050 591 de
1069 534 1176 592 naama
1275 568 1279 579 ι

84 633 125 676 um
160 608 346 676 statuendum
372 616 471 675 esset:
510 609 564 675 sed
590 611 664 674 haec
694 609 753 675 fuit
783 611 860 676 ratio
893 611 1014 700 propria
1039 612 1177 698 antiquae

84 693 318 776 aecomoediae,
340 699 372 758 ut
388 694 551 776 maurilius,
572 695 622 779 qui
642 694 806 780 aequalium
827 694 943 761 animos
962 703 1177 784 occupaverant

84 773 167 846 andis
188 778 381 864 vitiorumque
402 777 547 867 exemplis
566 780 620 843 sub
642 779 791 846 oculorum
812 780 952 883 adspectu
971 780 1093 871 positis,
1124 781 1176 849 tlu-

84 861 194 1014 utqnicl
214 885 317 928 verum
337 870 506 949 rectumque
527 871 625 929 esset:
652 870 738 951 atquo
766 864 841 930 haec
865 886 933 954 ipsa
951 866 1028 930 ratio
1048 871 1178 955 poetam,

84 972 122 1037 qun
142 972 189 1015 em

210 947 319 1036 dignus
340 956 389 1013 cst
404 948 461 1013 hoc
480 949 612 1032 nonius,
630 950 749 1014 omnino
770 949 869 1014 decet:
889 948 1088 1038 Epicharmus
1105 970 1176 1041 pru·

102 1034 141 1101 aa
161 1029 277 1123 philoso
297 1032 402 1098 hurum
420 1033 563 1100 rationem
583 1035 724 1117 accessit,
746 1041 777 1099 et
794 1034 849 1099 huc
865 1034 984 1099 nomine
999 1036 1111 1122 dignus
1129 1043 1177 1101 est

84 1118 164 1201 uude,
185 1139 243 1204 qua
288 1116 418 1200 iillerus,
439 1119 487 1183 vin
513 1139 643 1184 summus
663 1119 697 1184 in
717 1119 917 1184 Doriensibus
938 1118 1040 1185 T.11.
1081 1121 1176 1188 ,359

89 1200 259 1286 decoravit,
285 1202 463 1291 posthabitis
481 1201 601 1268 Atticae
621 1204 790 1276 comoediae
810 1204 920 1293 puetis:
948 1203 1030 1286 „Die
1051 1140 1176 1270 nittiker

84 1311 126 1370 ιι,
153 1288 232 1353 nach
250 1283 469 1377 Anistophaues
495 1309 532 1354 uu
557 1289 723 1370 urtheileu,
749 1291 811 1358 fast
836 1288 979 1377 einseitig
1004 1291 1173 1378 praktisch3

84 1369 714 1524 qastogqqabqeqoqnaquqag
732 1370 952 1524 lituus
980 1395 1087 1524 sill?
1107 1375 1175 1524 ll

84 1543 163 1608 ianm
182 1539 254 1629 lag,
269 1504 364 1607 iuenn
385 1539 435 1608 (liu
454 1479 923 1630 wahrgenoiiiininsslememe
943 1544 1044 1608 seiner
1063 1543 1174 1610 Puesie

84 1626 165 1693 niscln
194 1625 367 1692 verbunden
393 1647 518 1708 waren,
547 1628 617 1692 eino
641 1627 757 1716 philoso
777 1627 879 1693 hische
904 1625 1109 1695 Weltansicht
1133 1628 1174 1694 im

84 1712 231 1802 alpunkte,
250 1709 344 1776 deren
363 1709 570 1776 Erhabenhcit
588 1712 643 1777 der
662 1648 778 1776 Komii
799 1718 863 1776 erst
881 1713 949 1776 ihre
967 1711 1174 1779 walone-Frei-

84 1794 149 1862 anu.
161 1793 333 1862 Hciterkeit
375 1795 452 1860 eben
472 1796 597 1876 lemnio,
618 1794 679 1859 und
700 1795 787 1860 dalei
802 1797 957 1860 cutbehrte
977 1796 1176 1863 ιιίιιῑιιιὶιοιιι·7

84 1882 198 1969 ‚chtung
218 1882 292 1946 anch
312 1817 469 1944 nisiados
489 1878 629 1945 schanfen
649 1878 710 1946 und
731 1879 1175 1969 eindringcudeul'erstandes,

84 1967 127 2033 lie
147 1960 264 2032 Siculos
284 1964 543 2031 chanakterisint.“

85 2049 230 2121 Crafiuus
257 2071 333 2115 vero
357 2055 387 2115 et
417 2050 509 2115 ceteri
531 2047 668 2134 antiquae
689 2047 857 2112 comoediae
877 2044 998 2114 Atticae
1020 2054 1128 2139 poetae
1146 2051 1174 2116 si

94 2142 274 2226 argumenta
290 2135 347 2200 sibi
361 2139 594 2224 proposuerunt,
613 2153 797 2219 nequaquam
817 2132 1060 2200 idemoonsilium
1080 2135 1174 2201 secuti

84 2271 89 2302 ‚
116 2218 194 2308 quod
213 2217 429 2308 Epicharmus,
455 2225 589 2305 atquae
615 2216 653 2283 de
679 2217 737 2284 diis
761 2217 951 2301 ferebantur,
978 2220 1083 2286 melius
1104 2241 1173 2285 con·

84 2313 166 2372 arent
186 2310 217 2372 ct
235 2310 414 2371 revocarent
431 2304 470 2370 acl
488 2302 728 2393 philosophorum
748 2301 875 2391 placita,
901 2302 937 2368 iu
954 2305 1032 2388 quud
1071 2327 1174 2371 rossus

84 2398 145 2457 utet
162 2396 193 2456 ct
212 2390 340 2478 apoesis
360 2397 468 2454 naara
488 2388 647 2455 ctAtticao
663 2387 830 2452 comoediae
839 2387 987 2453 institmu:
1008 2327 1100 2463 multo¹
1119 2391 1172 2455 mi-

84 2483 176 2542 nutem
195 2474 269 2540 illud
290 2479 508 2563 spectaverunt,
527 2479 561 2537 ut
581 2471 697 2536 fabulas
717 2471 797 2554 illas,
818 2474 953 2557 quamvis
970 2473 1063 2539 multa
1081 2474 1114 2538 in
1133 2471 1172 2540 iis

84 2583 107 2626 a
132 2559 306 2649 (lignitatem
333 2558 573 2642 sanctitatemque
601 2555 734 2621 deorum·
747 2562 855 2622 essent
870 2557 956 2639 licta,
986 2556 1121 2624 riderent
1143 2569 1174 2624 et

84 2667 141 2710 nam
166 2666 260 2710 vanas
287 2649 320 2708 et
343 2650 454 2710 temere
481 2643 620 2706 confictas
652 2663 709 2706 exa
734 2637 865 2708 'tareutz'
888 2642 920 2707 iu
944 2638 1024 2707 enim
1050 2661 1172 2733 prorsus

85 2728 164 2796 cadit
182 2730 215 2794 in
235 2729 381 2814 antiquam
403 2727 598 2809 comoediam,
620 2746 696 2811 quae
738 2727 810 2791 'vini
839 2727 969 2792 numinis
989 2729 1172 2793 sanctitatem

84 2814 255 2880 simoniam
269 2814 412 2879 acerrimo
433 2812 530 2877 studio
551 2817 657 2880 tuetur.
677 2808 790 2880 Verum
831 2818 915 2877 cetae
935 2811 981 2876 illi
993 2813 1042 2878 his
1061 2813 1172 2879 fabulis

84 2921 142 2966 nam.
166 2897 326 2964 involucris
377 2897 531 2962 uibusdam
564 2895 613 2960 usi
638 2903 722 2978 sunt,
765 2832 871 2982 quilus
923 2897 990 2962 mulo
1019 2898 1171 2963 obscurius

85 2984 223 3066 flectent,
246 3004 320 3070 quae
332 2918 433 3047 lilere
454 2981 625 3047 inomnium
641 2989 827 3071 conspectum
837 2918 974 3070 prolimo
994 3004 1055 3047 non
1075 2983 1170 3048 licuit:

84 3068 227 3134 efactum
249 3074 295 3133 est
314 3067 353 3132 iis
369 3065 484 3132 demum
504 3065 701 3156 temporibus,
723 3066 827 3151 quibus
848 3067 984 3151 antiquae
1005 3067 1172 3132 comoediae

84 3160 149 3217 nata
169 3153 289 3218 licentia
307 3150 409 3240 legum
429 3150 555 3216 uinculis
578 3164 642 3215 erat
660 3149 845 3216 circumdata.
866 3149 979 3222 Verum
1001 3151 1080 3215 euim
1100 3173 1170 3216 vero

84 3237 168 3303 nbulis
189 3237 240 3303 illo
261 3237 539 3318 molestarentur,
561 3256 598 3299 ea
625 3234 740 3302 demum
767 3242 863 3301 aetate
888 3234 955 3299 fieri
981 3233 1093 3323 putuit,
1121 3238 1172 3301 ubi

84 3323 171 3387 rentia
197 3322 317 3386 deorum
344 3327 375 3387 et
399 3318 507 3409 religio
533 3318 653 3384 multum
678 3319 738 3384 iam
758 3326 824 3384 erat
847 3320 1000 3384 imminuta
1021 3328 1051 3384 et
1070 3322 1172 3408 pravis

84 3407 153 3472 ibus
174 3406 386 3471 contaminata:
417 3411 716 3493 numantiamque,
742 3404 794 3469 ubi
821 3403 863 3469 dii
883 3410 986 3469 sancte
1014 3405 1172 3495 religiose-

90 3492 225 3558 coluntur
250 3506 281 3556 et
300 3488 416 3580 pollice
442 3497 477 3557 et
492 3488 646 3578 puisatim,
673 3511 712 3554 ne
733 3489 778 3554 sic
797 3488 914 3575 quidem
939 3490 1034 3580 poetis
1055 3491 1172 3558 licuerit

84 3577 196 3660 alnlis,
223 3598 298 3663 qnae
319 3576 357 3640 ule
378 3573 610 3658 misissemus,
637 3581 777 3661 tauquam
802 3581 928 3639 externa
953 3574 1051 3662 aliqua
1072 3579 1171 3667 specie

84 3663 135 3728 ‚ive
156 3670 189 3727 ut
208 3668 288 3726 recte
310 3660 404 3725 dicam
431 3659 521 3726 abuti.
561 3658 712 3750 Antiquae
738 3665 835 3725 antem
865 3661 1034 3726 comoediae
1052 3661 1171 3729 Attioac

84 3769 122 3829 te,
148 3747 218 3812 licet
237 3746 379 3812 acernime
399 3745 582 3810 insectentur
602 3760 798 3831 quaecuuque·
810 3753 958 3811 nevastm
977 3747 1011 3810 ia
1031 3747 1120 3812 relus
1141 3754 1171 3813 et

84 3832 137 3898 mis
159 3839 189 3898 ot
208 3830 334 3913 livinis,
354 3830 424 3896 licet
441 3850 554 3896 summo
575 3831 674 3896 studio
692 3836 830 3909 tuemntnn
850 3837 880 3896 et
899 3831 1021 3896 summis
1034 3832 1169 3900 laudibus

84 3926 133 3983 aut
156 3918 356 4003 antiquitatem
390 3914 512 4001 eiusque
538 3918 712 3981 memoriam
736 3917 771 3982 in
796 3917 962 4002 aequalium
985 3917 1096 3982 animis
1121 3938 1170 3984 ru-

84 4010 132 4085 nt,
156 4023 215 4067 non
241 4009 340 4066 tamen
361 4006 498 4089 expertes
524 4007 593 4064 sunt
613 4002 747 4066 novitiae
765 4002 953 4091 disciplinae,
980 4002 1034 4067 scu
1055 4005 1169 4091 summ,

84 4088 188 4171 oeteui,
218 4087 334 4152 turbine
355 4085 505 4152 letantur:
532 4107 628 4172 neque
655 4087 733 4153 enim
760 4088 829 4154 lieni
851 4093 949 4176 potest
972 4093 1005 4151 at
1030 4090 1099 4175 quis·
1117 4095 1169 4156 eos

84 4195 164 4254 uos,
193 4174 298 4258 quibus
324 4171 418 4259 ipsius
451 4171 599 4236 saeculum
625 4171 807 4263 descriptum
830 4179 896 4256 ost,
925 4173 1029 4245 audaci
1060 4176 1171 4265 impetu

84 4260 164 4325 iliat:
190 4277 293 4323 verum
312 4257 368 4321 hoo
388 4277 498 4335 magona
517 4257 642 4345 ingenis
668 4258 806 4347 aequales
833 4264 987 4350 superant,
1014 4259 1094 4346 quoti*
1112 4279 1169 4348 quo
