2760 4792
332 207 391 284 DE
413 207 555 284 umus.
577 205 763 278 COMOED.
785 205 891 276 Aur.
912 205 1057 318 ANTIO.
1208 209 1272 274 m

193 381 254 445 Al.
277 372 463 461 Σημεῖονέν
483 386 551 453 ταῖς
571 377 692 454 ναυσίν,
715 368 927 456 ὦμαδίστατ’,
950 374 1156 461 ἐνεγίγραπτο.

158 507 161 514 ·
193 460 350 547 Δ1.Ἕγαλ
371 465 404 526 δέ
425 462 478 525 τόν
502 464 669 537 Φιλοξίνου
690 459 721 544 γ’
746 455 833 548 ᾤμην
847 458 976 545 Ἔρυξιν
996 458 1082 526 είνιιι.
1153 455 1155 462 ’

103 571 176 615 narn
189 557 221 614 nt
232 569 295 613 mos
309 555 372 612 erat
383 546 597 634 apudGraecos
608 548 657 610 avi
667 566 774 610 nomen
786 543 1273 634 receperatEryxis,dequuschu-

101 633 279 700 diastahaec
292 632 463 720 adscripsitt
487 621 587 706 Οὗτος
603 629 662 716 γάρ
674 626 717 704 ὡς
731 629 873 715 άμορφος
891 635 940 693 καὶ
954 629 1051 713 άηδὴς
1066 628 1272 709 διαβάλλεται.

192 717 262 783 Nun
284 717 379 782 minus
401 724 496 781 autem
518 714 704 780 effeminatus
726 723 756 779 et
795 715 906 780 erditus
929 716 1014 780 homa
1035 717 1092 779 fnit
1112 714 1271 780 Melesias:

98 804 205 870 nutari
233 803 311 866 enim
339 802 375 865 ah
404 800 604 888 Aristophane
632 820 739 864 censeo
767 737 857 864 diium
880 799 1074 886 Thucydidis
1092 799 1193 881 iilius,
1223 793 1273 886 qni

97 888 236 954 Periclis
257 889 289 951 in
310 908 344 950 re
365 885 482 974 publica
502 884 635 972 gerenda
655 883 927 949 initadversarius:
950 885 1027 948 hunc
1042 885 1159 974 planca
1200 885 1272 950 atris

98 974 216 1038 virtute
243 972 474 1060 degeneravisse
501 970 589 1034 vitam
612 990 648 1033 ue
673 970 796 1033 otiosam
826 977 856 1033 et
884 969 1036 1033 delicatam
1064 991 1081 1033 e
1105 970 1165 1033 'sse
1214 970 1273 1035 lato

99 1058 179 1123 dicit
200 1058 231 1121 in
252 1056 403 1138 Lachete,
432 1055 479 1118 ubi
497 1075 529 1153 ρ.
553 990 614 1119 vd
636 1051 672 1119 C.
695 1054 895 1140 Lysimachus
916 1053 1059 1117 Aristidis
1102 1055 1159 1118 iius
1181 1053 1217 1118 de
1239 1075 1273 1121 se

100 1151 135 1208 et
157 1143 214 1208 hoc
234 1139 362 1206 Melesia
382 1140 456 1204 haec
477 1138 560 1203 dicit:
588 1140 799 1215 Συσσιτοῧμεν
820 1138 858 1221 δὴ
879 1137 937 1222 γάρ
960 1135 1017 1221 ἐγιό
1038 1162 1070 1202 τε
1091 1141 1141 1202 καὶ
1163 1141 1274 1222 Μελη-

79 1230 178 1303 σίας
199 1223 250 1290 dds
271 1227 321 1289 καί
343 1218 639 1307 interdicencium
661 1232 836 1308 παρασιτεῖ·
864 1221 936 1308 ὅπερ
960 1216 1084 1286 οὖνκαὶ
1107 1219 1274 1305 ἀρχόμενος
1373 1220 1376 1225 ’

101 1309 192 1377 εἶπον
212 1316 268 1375 τοῦ
291 1307 397 1392 λόγου,
419 1305 700 1393 παρρησιασόμεδα
722 1308 798 1392 πρὸς
818 1303 915 1387 ἱμάς·
945 1305 1033 1389 ἡμῶν
1052 1307 1110 1391 γάρ
1133 1306 1273 1391 ἑκάτερος

102 1398 175 1482 περί
197 1401 252 1460 τοῦ
274 1393 385 1459 ἐαυτοῦ
407 1392 523 1477 πατρός
544 1392 643 1455 πολλά
664 1392 804 1456 καῖκαλὰ
825 1391 899 1477 ἐργα
920 1391 978 1473 ἐχει
1000 1393 1093 1476 λίγειν
1106 1392 1182 1474 πρός
1202 1394 1274 1470 τοὺς

102 1482 281 1556 νεανίσκους
302 1482 353 1543 καὶ
375 1476 433 1542 όσα
456 1479 488 1543 ἐν
505 1478 629 1563 πολέμῳ
651 1475 829 1561 εἰργάσαντο
852 1481 900 1539 καὶ
924 1475 982 1541 ὅσα
1004 1479 1036 1540 ἐν
1056 1475 1173 1562 εἰρήνῃ,
1196 1482 1274 1544 διοι-

104 1573 229 1642 κοῦντες
250 1561 289 1629 τά
309 1588 341 1628 τε
361 1569 423 1628 τῶν
435 1559 605 1644 συμμάχων
626 1565 676 1625 καὶ
697 1561 736 1625 τὰ
748 1568 803 1666 της
822 1561 951 1636 πόλεως’
973 1559 1104 1646 ημίτερα
1125 1562 1157 1625 δ’
1172 1563 1274 1629 αὐτῶν
1350 1571 1353 1578 ’

103 1651 181 1735 ἴργα
204 1649 362 1734 οδδίτερος
382 1646 441 1729 ἐχει
464 1646 571 1729 λίγειν·
593 1651 693 1708 ταῦτα
716 1643 1018 1727 δὴιπαισχυνόμεθά
1038 1671 1070 1710 τε
1090 1643 1200 1712 τοιόσδε
1222 1650 1274 1713 καλ

105 1732 282 1816 αἰτιώμεθα
302 1733 375 1806 τούς
396 1731 531 1814 πατίρας
551 1725 652 1808 ἡμῶν,
681 1726 727 1790 ὅτι
747 1726 829 1810 ἡμᾶς
849 1730 905 1807 μίν
926 1731 995 1793 εἴων
1014 1738 1149 1816 τρυφᾶν,
1172 1733 1273 1816 ἐπειδὴ

104 1818 250 1903 μειράκια
272 1813 455 1900 ἐγενόμεθα,
485 1812 523 1876 τὰ
546 1813 579 1876 δέ
600 1818 660 1875 τῶν
687 1810 789 1875 άλλων
811 1810 974 1897 πράγματα
997 1812 1156 1896 ἐπραττον.
1189 1839 1273 1903 quem

105 1905 203 1971 locum
230 1901 392 1989 respiciens
420 1898 594 1962 Athenaeus
620 1895 674 1961 xl.
695 1918 725 1984 p.
746 1897 811 1961 506
832 1898 878 1961 A:
918 1897 974 1959 Ἕν
996 1899 1029 1960 δὲ
1054 1905 1098 1983 τῷ
1126 1904 1192 1982 περὶ
1220 1901 1274 1964 ἄν·
1345 1920 1347 1925 ·

108 1992 228 2070 δρείας,
257 1986 367 2071 inquit,
388 1984 552 2064 Μελησίαν
572 1987 627 2044 τοῦ
651 1982 845 2046 Θουκυδίδου
874 1980 1273 2065 τοῦάντιπολιτευσαμίνσυ

108 2078 257 2158 Περικλεῖ
273 2074 323 2132 καί
339 2069 527 2149 Λυσίμαχον
547 2065 601 2129 τόν
617 2064 817 2150 Ἀριστείδου
838 2073 894 2130 τοῦ
916 2069 1035 2130 δικαίου
1058 2074 1112 2150 τῆς
1131 2077 1193 2132 τῶν
1214 2096 1274 2133 πα-

108 2160 204 2241 τέρων
225 2155 334 2240 ἀρετῆς
355 2153 496 2228 ἀναξίους
518 2147 591 2214 είναι
613 2149 750 2235 φάσκων.
794 2151 891 2216 Etiam
913 2153 944 2216 in
966 2151 1098 2218 Menouc
1140 2154 1211 2220 ‚94
1232 2155 1273 2238 D,

108 2245 157 2308 uhi
175 2242 320 2307 clarorum
332 2239 462 2303 virorum
483 2234 561 2301 filius
601 2235 752 2322 letumque
774 2258 793 2300 a
813 2238 916 2326 patriis
936 2237 1092 2302 virtutihus
1114 2175 1274 2306 descivisse

110 2329 208 2409 ducet,
236 2324 393 2389 Melesiam
420 2322 541 2406 eiusque
570 2257 692 2387 thatrem
714 2320 768 2386 Ste
789 2322 896 2386 hanum
924 2324 1025 2411 procui
1047 2346 1065 2388 a
1086 2323 1274 2412 Thucydidis

110 2414 200 2502 patris
222 2411 329 2475 virtute
351 2410 456 2473 ahesse
478 2407 562 2471 dicit:
598 2404 663 2470 Ἵνα
685 2406 719 2470 δέ
738 2344 787 2487 μό
805 2405 925 2490 ὀλίγους
947 2407 995 2492 αξη
1018 2410 1162 2485 καὶτοὺς
1192 2435 1276 2496 φαυ·

111 2495 257 2570 λοτάτους
278 2493 465 2575 Ἀθηναίων
485 2487 656 2566 ἀδυνάτους
682 2492 832 2574 γεγονίναι
860 2498 952 2555 τοῦτο
981 2490 1017 2554 τό
1049 2499 1175 2575 πρᾶγμα
1182 2543 1192 2572 ,
1226 2497 1275 2559 ἐν.

111 2581 288 2665 δυμήθητι,
321 2576 368 2641 ότι
403 2577 596 2658 Θουκυδίδης
627 2567 667 2640 αὖ
698 2575 755 2639 δύο
782 2576 855 2652 υόεῖς
876 2574 1001 2661 ἐδρεψε,
1029 2580 1194 2658 Μελησίαν
1224 2583 1274 2644 καλ

112 2669 288 2752 Στίφανσν,
315 2665 365 2726 καί
392 2659 522 2736 τούτους
553 2662 711 2726 ἐπαίδευσε
737 2658 776 2723 τά
801 2685 833 2725 τε
860 2659 939 2724 άλλα
966 2653 999 2725 εὖ
1028 2664 1078 2724 καὶ
1105 2660 1275 2728 ἐπάλαισαν
1329 2665 1332 2671 '

112 2750 257 2816 κάλλιστα
274 2748 476 2830 Ἀθηναίων·
502 2745 632 2826 τόνμέν
651 2745 710 2830 γάρ
732 2743 859 2836 Ξανθία
880 2745 971 2810 ἐδωκε
992 2747 1045 2810 τόν
1066 2747 1100 2809 δέ
1121 2745 1273 2835 Εὐδιάρῳ·

112 2827 194 2902 οὗτοι
218 2833 253 2898 δί
273 2858 334 2896 που
355 2829 481 2896 ἐδόκουν
500 2837 562 2894 τῶν
582 2827 650 2896 τότε
672 2828 819 2894 κάλλιστα
847 2834 985 2894 παλαίειν
1005 2829 1025 2913 ἢ
1048 2830 1084 2895 οὗ
1105 2833 1275 2916 μίμνησαιγ

112 2926 186 2987 AN.
200 2918 338 3002 Ἔγωγε,
361 2915 448 3000 άκοῇ.
490 2916 560 2980 ΣΩ.
586 2915 708 2981 Οὐκοῦν
728 2918 835 2997 δῆλον,
864 2913 910 2979 ὅτι
933 2907 1023 2990 οὗτος
1045 2915 1101 2979 οὐκ
1125 2916 1164 2982 uir
1190 2943 1284 2997 ποτε,

113 3003 145 3071 οἷ
159 3006 216 3088 μὲν
237 3003 295 3067 ἴδει
318 2999 537 3081 δαπανώμενον
556 2997 710 3065 διδάσκειν
729 3007 827 3064 ταῦτα
854 3003 911 3079 μέν
931 3003 1049 3076 ἐδίδαξε
1070 3001 1142 3078 τοὺς
1162 3007 1276 3081 παῖδας

110 3090 182 3168 τοὺς
203 3085 309 3164 αὑτοῦ,
332 3083 367 3151 οἷ
383 3088 416 3150 δέ
429 3086 518 3150 ου’δέν
537 3084 597 3150 ἴδει
620 3081 821 3148 ἀναλώσαντα
842 3082 982 3164 ἀγαθοὺς
1004 3084 1119 3169 άνδρας
1140 3094 1275 3170 ποιῆσαι,

112 3183 202 3241 τοῦτο
225 3174 258 3238 δέ
280 3171 336 3236 οόκ
358 3172 510 3247 ἐδίδαξεν,
537 3173 563 3234 εί
584 3169 726 3235 διδακτὸν
751 3161 804 3247 ἦν·
833 3167 910 3232 ἀλλά
932 3169 990 3254 γάρ
1013 3169 1086 3246 ἴσως
1113 3167 1129 3234 ό
1154 3173 1275 3236 Θουκυ-

111 3264 196 3344 δίδης
224 3261 344 3344 φαῦλος
370 3247 408 3338 ἦν
436 3258 500 3319 καλε
519 3253 575 3319 οὐκ
601 3246 681 3336 ἦσαν
708 3252 793 3340 αι’·τῷ
821 3258 955 3317 πλεῖστοι
983 3256 1066 3336 φίλοι
1089 3253 1277 3339 Ἀθηναίων

111 3349 159 3425 καί
181 3349 243 3410 τῶν
264 3337 446 3423 ξυμμάχων,
468 3342 518 3403 καλ
541 3339 637 3414 οϊκίας
656 3335 789 3421 μεγάλης
809 3329 916 3421 ἦνκαὶ
938 3336 1065 3402 ίδόνατο
1085 3340 1164 3424 μίγα
1186 3343 1218 3405 ἐν
1237 3349 1276 3430 τῇ

111 3428 193 3496 πόλει
216 3429 266 3492 καὶ
288 3429 320 3492 ἐν
340 3435 404 3501 τοῖς
425 3423 530 3500 άλλως
543 3421 709 3506 Ἕλλησιν,
737 3420 814 3487 ὥστε
837 3422 918 3508 εἴπερ
944 3415 982 3504 ἦν
1009 3430 1101 3488 τοῦτο
1123 3425 1275 3506 διδακτόν,

110 3518 238 3601 ἐξευρεῖν
259 3509 313 3595 άν,
341 3508 425 3585 ὅστις
451 3507 572 3589 ἐμελλεν
592 3506 690 3572 αὐτοῦ
711 3506 785 3582 τοὺς
812 3507 885 3583 υἱεῖς
911 3507 1053 3590 άγαθσός
1081 3507 1228 3592 ποιήσειν,
1255 3511 1275 3596 ἢ

109 3608 168 3666 τῶν
197 3597 366 3681 ἐπιχωρίων
392 3619 439 3670 τις
465 3590 485 3676 ἢ
506 3598 568 3658 τῶν
584 3591 702 3669 ’ξίνων,
745 3596 772 3656 εί
798 3591 892 3668 αὐτὸς
916 3592 960 3673 μὴ
982 3591 1122 3674 ἐσχόλαζε
1149 3596 1200 3660 διὰ
1220 3597 1276 3680 τὴν

109 3692 163 3770 τῆς
182 3680 300 3757 πόλεως
321 3679 500 3761 ἐπιμίλααν.
547 3678 632 3743 nihns
654 3698 725 3741 usus
748 3679 775 3741 is
796 3678 846 3762 qui
866 3676 1028 3743 Aeschinis
1050 3701 1154 3745 numen
1177 3704 1275 3748 emen·

110 3773 178 3837 titus
205 3786 358 3834 sermones
386 3764 506 3851 scripsit
528 3699 560 3828 λ.
581 3763 621 3831 8:
656 3760 745 3824 ’End
781 3762 974 3874 Θουκυδίδης
1000 3756 1055 3839 αὖ,
1082 3766 1191 3851 inquit,
1218 3765 1274 3832 δόο

108 3857 179 3932 υἱεῖς
207 3852 340 3937 ἐδρεηνε,
368 3848 533 3930 Μελησίαν
554 3849 604 3910 καὶ
627 3847 804 3932 Στέφανον,
833 3843 910 3931 ὗπέρ
933 3875 976 3911 ων
997 3849 1048 3912 ud‘
1058 3848 1114 3911 οὐκ
1137 3849 1174 3914 die
1196 3849 1275 3934 ἐχοις

108 3944 199 4006 εἰπεῖν
226 3933 304 4020 ἅπερ
331 3931 407 4020 δπέρ
434 3938 496 3997 τῶν
522 3930 710 4016 Περικλίους
737 3932 829 3995 υἱῶν·
862 3930 979 3997 τούτων
1005 3932 1063 4016 γάρ
1092 3934 1131 4016 δὴ
1158 3939 1207 3999 καί
1234 3938 1274 4002 ud

108 4021 202 4093 οίσθα
230 4017 284 4086 τόν
309 4017 341 4105 γ’
366 4019 467 4104 ἕτερον
493 4017 582 4101 μίχρι
603 4012 704 4101 γήρως
730 4021 875 4096 βιοῦντα,
900 4017 956 4082 τόν
982 4019 1012 4080 δ’
1036 4018 1138 4103 ἕτερον
1169 4018 1274 4106 πόρρω

108 4108 196 4174 πάνυ.
219 4111 284 4170 κτλ.
320 4102 452 4168 Eundem
475 4099 632 4167 Melesiam
654 4103 741 4166 etiam
763 4099 915 4167 Maximus
936 4103 1070 4189 Tyrius,
1110 4112 1175 4184 utu,
1197 4127 1273 4172 com·

100 4199 250 4263 memorat
269 4187 324 4258 IV.
345 4209 374 4278 p.
394 4189 452 4254 ⁵6:
480 4184 579 4270 Παρὰ
598 4186 656 4267 μέν
675 4186 843 4251 Μιδαίκου
865 4185 960 4265 όψον,
984 4185 1067 4272 παρά
1090 4125 1123 4253 δέ
1144 4189 1273 4270 Σειράμ-

107 4284 164 4361 ίίου
194 4275 290 4353 οίνον,
324 4270 409 4357 παρὰ
436 4271 470 4337 δέ
496 4269 617 4336 Κόννου
644 4267 784 4357 ἐταίραν,
814 4270 899 4367 παρὰ
929 4272 963 4336 δέ
992 4274 1151 4353 Μελησίου
1165 4272 1270 4362 ᾠδήν.
