2768 4770
257 204 316 272 DE
336 205 479 282 Romo.
501 204 687 274 COMOED.
706 204 811 275 t'r'r.
829 206 973 282 sumo.
1132 208 1197 278 963

72 375 225 439 »habiliter
247 374 424 439 credideris:
459 374 568 460 aliquid
594 380 692 439 tamen
714 373 901 441 dubitationis
922 375 954 439 in
975 379 1092 457 coest,
1120 376 1196 460 quod

72 461 138 524 lius
153 459 322 523 Aristarchi
343 460 507 523 auctoritati
528 465 586 524 tam
608 459 734 523 fidenter
754 459 949 523 accuratiores
968 457 1084 524 Cratini
1104 459 1195 524 libros

72 545 173 632 ponit,
215 564 337 629 quorum
370 543 526 607 auctoritas
560 543 702 608 editorem
732 542 937 608 Aristarchum
969 543 1022 606 vix
1054 545 1196 642 potuisset

72 650 143 693 ere:
171 627 224 693 sed
246 627 294 691 vel
315 627 359 690 sic
379 634 476 691 tamen
497 648 558 692 non
578 647 700 715 prorsus
721 628 860 691 abhorret
885 627 984 691 avari
1004 627 1195 693 simulitudine

72 712 232 778 :tissimum
293 713 474 776 ammuticum
496 711 612 777 Cratini
633 712 797 776 comoedias
817 713 1014 776 recensuisse.
1057 712 1195 778 Ceterum

72 797 201 944 ἰεῐαιοὲιὶ
222 797 252 859 iu
273 796 540 945 icipmssequuntur
561 797 648 860 etiam
667 795 879 884 Aristophanis
901 797 1017 862 codices
1038 803 1069 862 et
1090 797 1196 864 editio-

72 882 142 947 rin
230 902 288 945 .v.
336 884 349 943 l
384 902 392 944 ι

116 901 277 1046 Kolqiiolv
297 959 415 1048 ἡμέραν
436 967 570 1049 φορῆσαι
591 963 694 1042 μεῖζον
713 953 750 1045 ἦν
772 965 857 1026 δυοῖν
880 963 1022 1044 δοχμαῖν.

72 1072 95 1115 m
126 1049 158 1113 iu
185 1048 340 1114 Athenaeo
369 1048 423 1111 XI.
446 1070 473 1135 p.
494 1049 557 1114 501
578 1046 619 1113 D.
651 1046 763 1113 offendi
799 1047 859 1111 illis
886 1048 986 1111 verbis
1007 1045 1119 1110 Ἀπίων
1144 1048 1194 1109 καί

73 1131 195 1217 όδωρος
208 1133 343 1218 voluique
350 1129 526 1217 Ἡρόδωρος
542 1133 727 1197 substituere.
754 1131 911 1197 Herodoro
929 1132 1006 1195 enim
1023 1132 1102 1196 socio
1124 1152 1195 1195 usus

72 1219 172 1306 ;Apio
189 1219 263 1282 etin
277 1218 491 1282 commentariis
513 1223 543 1281 et
562 1216 595 1281 in
612 1216 722 1304 glossis
734 1215 917 1295 Homericis3
939 1237 1017 1279 nunc
1037 1223 1133 1280 autem
1150 1222 1197 1279 est

72 1303 110 1369 od
125 1303 269 1366 dubitem:
291 1323 358 1365 uam
369 1302 531 1366 Diodorum
553 1307 584 1365 et
594 1301 741 1389 Apionem
755 1301 791 1364 de
803 1301 908 1364 litteris
923 1299 1028 1364 librum
1041 1301 1196 1389 scripsisse

72 1388 240 1476 gnoscimus
252 1407 291 1450 ex
301 1385 429 1451 Scholiis
439 1385 471 1449 iu
485 1386 664 1472 Dionysium
675 1384 825 1448 Thracem
837 1407 883 1472 ap.
893 1383 1027 1448 Bekker.
1032 1383 1147 1451 Anecd.
1154 1384 1195 1449 T.

81 1493 114 1560 p.
126 1471 266 1552 784,10;
281 1467 339 1546 Ὡς
359 1470 393 1534 δὲ
403 1466 564 1554 Διόδωρος
575 1471 626 1533 καί
636 1467 748 1532 Ἀπίων
763 1470 795 1533 ἐν
808 1473 852 1555 τῷ
864 1471 930 1553 περὶ
951 1473 1013 1531 τῶν
1032 1471 1195 1549 στοιχείων,

72 1583 80 1619 ι
108 1560 242 1619 πλεῖστοι
269 1564 452 1639 συγγραφεῖς
482 1558 532 1617 καὶ
560 1553 591 1618 oi
615 1555 738 1637 ποιηταὶ
767 1551 828 1616 ἀπὸ
858 1558 912 1635 τῆς
934 1549 1051 1628 Ἰωνίας
1076 1549 1196 1629 τούτοις

72 1649 99 1716 ἴς
124 1636 231 1715 τείποις
264 1636 439 1723 ἐχρήσαντο.
481 1639 583 1724 ltaque
615 1636 671 1702 hae
697 1637 824 1702 Diodori
856 1644 886 1701 et
911 1636 1038 1724 Apionis
1065 1638 1197 1737 glossae,

72 1744 157 1791 usses
177 1727 256 1789 enim
275 1725 370 1789 fuisse
403 1744 555 1788 ersuasum
576 1722 681 1802 haheo,
703 1721 839 1785 diversae
860 1720 984 1785 fuerunt
996 1723 1033 1786 ah
1053 1722 1103 1803 im,
1124 1744 1196 1808 quas

72 1832 102 1875 m
122 1807 279 1885 Herodoro
300 1810 332 1874 in
386 1829 516 1873 omerum
537 1805 711 1894 composuit:
733 1804 814 1869 nullo
836 1811 932 1868 autem
952 1812 1037 1892 pacto
1054 1806 1197 1888 adducor,

98 1893 246 1982 Apionem
278 1895 394 1958 credam
428 1890 582 1957 Cratinum
612 1890 815 1954 recensuisse:
856 1887 1068 1976 Aristophanis
1085 1896 1198 1956 tamen

72 1976 154 2053 hules
180 1977 309 2043 edidisse
341 1975 506 2042 censendus
532 1982 593 2057 est,
625 1975 652 2039 si
671 1973 767 2039 uidem
794 1972 827 2038 in
853 1972 972 2038 scholiis
1002 1972 1040 2037 ad
1066 1974 1139 2040 Pac.
1168 1995 1198 2041 r.

72 2064 98 2135 'a
120 2061 201 2139 hooc,
215 2061 373 2169 leguntur:
409 2057 477 2125 “ou
498 2056 630 2143 σύνηθες
650 1994 687 2143 iv
708 2067 771 2135 τοῖς
798 2062 939 2133 παλαιοῖς
960 2054 1043 2143 ᾄδειν
1062 2063 1146 2123 θεῶν
1165 2083 1198 2123 το

72 2149 87 2211 ί
114 2143 224 2230 ἡρώων
250 2167 381 2230 γαμοας·
413 2147 649 2227 Σημειοῦται
674 2143 714 2208 δὲ
744 2147 863 2208 ταῦτα
893 2136 1095 2224 &Mitior
1121 2143 1198 2227 πρὸς

72 2230 109 2309 dc
131 2230 322 2311 ᾀθετοῦντας
340 2229 397 2315 τὴν
417 2230 621 2320 ἐνὈιῘνσσείᾳ
635 2226 748 2315 ’Άρεως
768 2229 819 2293 καλ
827 2225 1010 2315 Ἀφροδίτης
1027 2229 1175 2312 μοιχείαν.
1230 2266 1232 2270 ⁴
