2760 4792
323 223 383 292 DE
403 225 546 301 anulo.
566 223 754 293 COMOED.
774 223 881 292 ΑΤΤ.
901 222 1047 300 ANTIQ-
1200 225 1263 293 2⁰1
1298 281 1303 292 .

99 394 219 474 valere,
247 391 306 457 vid.
326 392 406 457 Plut.
429 416 453 457 c.
476 393 517 457 to
539 398 682 458 extremo.
725 391 786 457 Sed
807 413 867 456 non
893 393 935 456 ita
955 392 1046 457 mirlto
1070 398 1142 479 post
1158 391 1263 458 adver·

100 480 246 544 sariorum
267 499 358 564 opera
379 499 418 541 ex
440 478 556 541 civitate
578 479 688 543 eiectus
710 486 772 557 est,
792 477 853 540 vid.
874 476 954 541 Plut
977 480 1032 542 17:
1067 477 1106 540 Oi
1127 478 1170 545 δέ,
1187 477 1264 562 πρὸς

102 562 193 646 ἀργὴν
215 559 398 636 ἀπελθόντες
423 560 483 643 ἤδη
505 570 569 636 τοῖς
594 563 794 638 λακωνίζουσι
823 566 962 645 φανερῶς
989 561 1185 641 ἐχαλέπαινον
1212 563 1263 624 καλ

101 647 154 713 τόν
174 649 307 726 Κίμωνα
327 651 439 729 μικράς
469 642 680 726 ἐπιλαβόμενοι
702 642 884 728 προφάσεως
904 643 1129 728 ἐξωστράκισαν
1149 644 1264 728 εῑς“ἐ’τη

103 733 186 796 δέκα.
208 753 247 795 ex
268 752 324 815 quo
345 730 409 794 loco
432 732 505 794 satis
526 731 600 795 illud
622 738 751 819 apparet,
775 729 927 794 Cimonem
948 731 1071 812 multos,
1091 731 1141 816 qui
1162 731 1265 799 eadem

103 818 258 896 sentirent,
279 816 419 879 hahuisse
435 816 553 879 amicos.
574 814 649 879 Post
670 835 741 878 vero
752 814 953 879 Athenienses
973 815 1103 881 levitatis
1124 815 1266 904 poenituit

104 909 189 986 atque
210 901 274 988 ipse
295 899 445 979 Periclen,
471 909 504 963 nt
526 907 590 963 erat
610 920 718 985 magno
740 908 770 962 et
789 898 906 963 hberah
927 899 1041 980 animo,
1062 901 1129 965 huic
1150 899 1266 967 deside·

103 986 148 1049 nio
170 985 316 1049 concessit
338 984 548 1069 Cimonemque
569 985 703 1048 restituit.
724 982 821 1046 Erant
841 991 936 1046 autem
958 1006 1031 1048 sane
1047 983 1175 1061 Athenis
1197 992 1266 1049 tunc

104 1092 162 1133 non
185 1070 280 1156 pauci,
302 1070 351 1153 qui
362 1069 527 1149 Cimonem,
548 1069 652 1156 quippe
663 1069 713 1152 qui
733 1068 864 1132 studiose
879 1069 1013 1152 antiquos
1035 1089 1132 1133 mores
1142 1078 1173 1132 et
1181 1070 1268 1134 insti·

104 1162 165 1224 tuta
186 1162 334 1234 tueretur,
355 1153 476 1217 multum
484 1155 670 1241 praeferrent
680 1153 807 1234 Pericli,
825 1154 953 1217 novitiae
971 1153 1144 1241 disciplinae
1156 1155 1268 1218 auctori

106 1247 191 1323 atque
211 1239 336 1319 vindici,
356 1238 387 1302 id
409 1238 485 1322 quod
506 1239 593 1302 etiam
614 1237 792 1302 Plutarchus
812 1238 845 1301 in
865 1236 992 1302 Periclis
1013 1239 1074 1302 vita
1095 1241 1152 1302 αἵ
1174 1239 1270 1320 docet,

105 1323 173 1388 licet
193 1323 244 1386 ille
265 1343 318 1387 suo
345 1343 426 1387 more
447 1323 543 1410 magis
565 1329 718 1387 externam
740 1324 785 1389 rei
806 1323 933 1410 speciem
955 1323 1161 1410 desumpserit,
1183 1343 1269 1406 quam

105 1408 268 1473 reddiderit
288 1407 450 1472 rationem:
479 1406 563 1472 Ἀλλ’
589 1403 631 1483 ῶς
651 1405 728 1472 dorne
755 1408 861 1482 δεδιὼς
887 1409 943 1486 μὲν
964 1407 1126 1492 (Pericles)
1147 1404 1270 1496 ὕποηιίηι

106 1501 275 1576 περιπεσεῖν
295 1493 481 1573 τυραννίδος,
504 1488 584 1574 δρῶν
605 1489 896 1577 δ’ἀριοτοκρατικδν
915 1491 969 1555 τὸν
981 1493 1113 1571 Κίμωνα
1132 1495 1183 1556 καλ
1204 1494 1272 1554 διοι-

107 1573 260 1661 φερόντως
286 1574 346 1640 ἀπὸ
367 1583 428 1639 τῶν
449 1581 552 1640 καλῶν
573 1575 722 1658 κάγαθῶν
742 1575 942 1658 ἀγαπώμενον
961 1572 1082 1658 ὑπῆλθε
1102 1576 1176 1653 τοὺς
1191 1581 1272 1643 ,πολ-

106 1661 181 1737 λοός
201 1658 369 1746 ἀσφάλειαν
389 1661 446 1741 μὲν
466 1657 582 1746 ἑαυτῷ,
605 1656 735 1739 δύναμιν
752 1661 789 1723 δὲ
810 1658 878 1723 κατ’
903 1662 1015 1724 ἐκείνου
1043 1657 1273 1744 παρασκευαζό-

107 1767 211 1826 μενος·
238 1743 335 1820 addela
356 1745 389 1806 δὲ
410 1745 461 1806 καὶ
485 1752 549 1818 τοῖς
570 1745 638 1824 περὶ
659 1743 714 1822 τὴν
735 1744 856 1806 δίαιταν
876 1740 983 1825 ἕτέραν
1002 1741 1088 1819 τάξιν
1109 1746 1271 1827 ἐπέθηκεν·

110 1826 182 1895 tato
202 1855 235 1893 τε
255 1829 313 1912 γὰρ
336 1829 368 1891 ἐν
389 1825 474 1890 ἀστιι
493 1828 569 1906 μίαν
588 1825 707 1911 ἑωρᾶτο
727 1825 783 1907 τὴν
804 1824 856 1891 ἐπ’
879 1825 995 1910 ἀγοράν
1015 1830 1067 1889 καὶ
1087 1827 1123 1893 τό
1143 1835 1273 1909 βουλευ-

109 1912 214 1998 τήριον
236 1909 437 1994 πορευόμενος
464 1908 584 1992 κλήσεις
610 1935 643 1974 τε
670 1912 797 1977 δείπνων
823 1912 875 1974 καὶ
900 1910 957 1993 τὴν
982 1909 1129 1994 τοιαύτην
1149 1910 1273 1977 ἅπασαν

111 1996 342 2084 φιλοφροσύνην
362 1999 412 2059 καλ
434 1992 599 2077 συνήθειαν
619 1995 760 2071 ἐξέλιπεν.
801 1995 901 2082 Atque
927 2004 1046 2084 praeter
1077 2004 1193 2062 ceteros
1216 1998 1272 2063 Ion

111 2085 242 2172 tragicus
263 2089 363 2182 poeta,
405 2088 437 2144 ut
456 2081 608 2168 ingenium
635 2081 699 2145 eius
726 2102 774 2146 ma
798 2082 823 2145 's
845 2081 882 2145 ad
909 2082 1056 2166 antiquam
1080 2080 1173 2149 illam
1187 2090 1274 2168 q'uam

113 2170 147 2234 ad
181 2167 321 2231 novitiam
353 2165 536 2254 disciplinam
569 2164 744 2247 inclinabat,
775 2103 932 2232 Cimonem
960 2166 1081 2237 multum
1108 2169 1274 2257 anteposuit

109 2251 239 2356 Pericli,
280 2250 312 2315 id
344 2250 420 2359 quod
446 2250 623 2316 Plutarchus
658 2271 771 2336 quoque
807 2251 957 2338 significat
990 2251 1042 2315 vit.
1064 2251 1173 2319 Pericl„
1194 2276 1220 2318 c.
1235 2253 1273 2320 δι

119 2337 190 2403 0δὲ
211 2335 337 2417 ποιητὴς
360 2334 421 2399 'lure
439 2331 619 2417 μοθωνικήν
639 2360 716 2419 φησι
737 2335 793 2417 τὴν
813 2332 934 2415 ὁμιλίαν
955 2337 1006 2399 καί
1021 2333 1185 2422 ὑπότυφον
1200 2335 1276 2406 εἶναι

113 2427 168 2497 τοῦ
194 2422 380 2503 Περικλέους
411 2423 462 2483 καλ
487 2429 555 2494 ταῖς
584 2421 801 2501 μεγαλαυχίαις
834 2419 930 2483 αὐτοῦ
962 2420 1078 2501 πολλὴν
1103 2420 1277 2506 ὑπεροψίαν

113 2505 323 2586 ἀναμεμίχθαι
345 2506 395 2569 καί
422 2500 640 2589 περιφρόνησιν
664 2509 726 2567 τῶν
746 2502 859 2568 ἀλλων·
888 2505 1005 2568 ἐπαινεῖ
1022 2506 1055 2569 δὲ
1075 2505 1111 2569 τό
1133 2508 1278 2586 Κίμωνος

115 2592 241 2671 ἐμμελὲς
262 2592 312 2653 καλ
333 2585 427 2673 ἀγρόν
447 2591 496 2652 καί
517 2587 754 2668 μεμουσονμίνον
775 2589 807 2652 ἐν
820 2596 888 2663 ταῖς
899 2598 1091 2673 περιφοραῖς·
1114 2589 1178 2655 ἀλλ’
1186 2589 1279 2659 Ἴωνα

114 2676 172 2758 μέν
191 2673 292 2759 ὥσπερ
313 2672 459 2758 τραγικὴν
479 2673 678 2743 διδασκαλίαν
692 2672 835 2748 ἀξιοῦντα
856 2671 912 2755 τὴν
932 2672 1043 2760 ἀρετήν
1063 2673 1278 2755 ἐχειντιπάν-

115 2785 177 2836 τως
197 2763 247 2824 καὶ
269 2758 433 2842 σατυρικὸν
453 2758 546 2838 μέρος
566 2759 670 2837 ἐῶμεν.
704 2757 779 2844 adde
799 2779 874 2843 quae
900 2779 939 2822 ex
961 2759 1062 2825 eodem
1089 2759 1168 2824 Ione'
1190 2761 1280 2827 affert

117 2846 294 2910 Plutarchus
308 2845 353 2906 ›in
377 2844 439 2906 vita
466 2840 599 2906 Cimonis
626 2863 651 2905 c.
671 2842 712 2922 ὃς
744 2842 878 2927 idemque
909 2843 942 2906 in
968 2846 1183 2910 commentariis
1216 2849 1278 2912 suis

118 2930 272 3018 professus
293 2940 353 3008 est,
382 2927 534 2992 Cimonem
561 2926 683 3012 ingenio
711 2927 784 2995 satis
809 2927 974 2991 liherahter
999 2929 1114 2994 exculto
1135 2931 1230 2994 luisse
1250 2940 1281 2996 et

120 3014 245 3078 maxime
271 3011 497 3077 Atheniensium
529 3011 674 3074 civitatem
707 3011 810 3099 opibus
838 3018 868 3074 et
900 3012 1010 3076 divitiis
1040 3014 1177 3094 auxisse,
1219 3016 1281 3082 vid.

120 3098 200 3162 Plut.
228 3099 279 3161 vit.
300 3095 376 3161 Cim.
403 3118 428 3159 c.
449 3096 485 3160 9:
512 3097 732 3175 Συνδειπνῆσαι
764 3095 799 3159 δὲ
828 3101 872 3182 τῷ
899 3097 1023 3178 Κίμωνί
1041 3122 1136 3206 φησιν
1163 3096 1280 3178 iham,

121 3180 295 3266 παντάπασι
317 3177 471 3260 μειράκιον
496 3176 579 3260 ἥκων
604 3182 645 3254 εἷς
662 3177 797 3261 Ἀθήνας
817 3181 851 3247 ἐκ
871 3181 954 3244 Χίου
974 3205 1060 3266 παρα
1082 3183 1282 3263 Λαομέδοντι

123 3270 171 3330 καί
192 3273 254 3330 τῶν
274 3267 414 3331 σπονδῶν
434 3265 600 3346 γενομέναν
625 3264 879 3346 παρακληθέντος
899 3257 972 3352 ᾆσαι
994 3269 1045 3329 καλ
1073 3262 1207 3353 ᾅσαντος
1226 3268 1283 3335 ode

124 3349 226 3433 ἀηδῶς
247 3352 376 3414 ἐπαινεῖν
396 3349 468 3424 τοὺς
489 3345 643 3431 παρόντας
664 3345 705 3423 ῶς
726 3345 900 3432 δεξιώτερον
917 3350 1173 3427 Θεμιστοκλέους·
1195 3349 1284 3421 πόλιν

125 3437 157 3500 δέ
178 3441 304 3516 ποιῆσαι
324 3432 457 3517 μεγάλην
478 3436 528 3495 καλ
550 3434 698 3497 πλουσίαν
718 3434 915 3497 ἐπίστασθαι.
949 3432 1090 3500 Cratinus
1112 3444 1218 3519 autem,
1240 3439 1285 3505 uli

126 3521 215 3586 ceteri
236 3520 338 3588 comici
357 3526 461 3606 poetae
482 3536 600 3598 omnes,
627 3517 864 3602 antiquitatis'et
884 3516 1019 3582 laudator
1040 3527 1070 3583 et
1089 3521 1203 3586 vindex
1227 3524 1285 3588 fuit

126 3606 299 3683 acerrimum
321 3605 417 3687 itaque
438 3602 616 3672 huncmulta
636 3601 979 3666 inLacedaemoniorum
1000 3604 1089 3669 rebus
1111 3613 1140 3670 et
1161 3607 1285 3694 puhlicis

127 3698 156 3754 et
167 3690 333 3838 dpmesticis
354 3687 503 3835 sapienter
523 3687 656 3753 instituta
670 3686 818 3768 laudasse,
839 3687 1077 3775 populariumque
1091 3691 1285 3757 inveteratum

126 3773 159 3837 in
224 3780 342 3836 artanos
369 3793 386 3834 u

128 3797 381 3947 amplianes,'etsi
400 3856 540 3918 inlestum
553 3853 708 3942 Spartanis
731 3857 856 3946 animum
879 3857 1046 3944 plerumque
1068 3881 1140 3947 prae
1161 3882 1194 3925 se
1215 3862 1286 3944 lert,

128 3963 180 4009 eos
200 3952 299 4006 tamen
319 3941 355 4005 ah
376 3940 484 4004 iniusto
504 3940 731 4004 Atheniensium
752 3941 818 4005 odio
839 3941 969 4006 vindicat
990 3943 1022 4007 iu
1043 3941 1286 4012 Acharnensihus

128 4047 157 4093 Vs
171 4027 252 4094 5⁰92

102 4185 105 4191 Ι
208 4107 286 4193 Ἐγὼ
306 4107 340 4171 δέ
359 4112 440 4188 μισῶ
459 4106 515 4187 μὲν
532 4108 800 4188 Λακεδαιμονίους
820 4105 953 4195 σφόδρα,

213 4193 351 4267 Καάτοῖς
372 4189 387 4255 ὃ
408 4194 570 4256 Ποσειδῶν
590 4188 662 4255 οδπλ
685 4189 831 4280 Ταινάρῳ
851 4194 926 4270 θεὸς

214 4280 324 4354 Σείσας
345 4273 457 4340 ἅπασιν
480 4275 610 4357 ἐμβάλοι
630 4275 686 4352 τὰς
708 4277 812 4353 οίκίας.

407 3772 465 3834 ium
492 3770 705 3858 improbavisse
738 3779 964 3836 consentaneum
992 3781 1045 3838 est
1088 3774 1199 3841 Etiam·
1214 3778 1286 3842 Ari·
