2768 4770
328 220 388 289 DE
408 220 551 298 Remu.
573 218 760 290 COMOED.
780 218 888 288 ATT.
910 220 1056 295 ANTIQ.
1207 224 1272 292 299

101 390 169 461 Sed
189 391 427 482 praeterearitie
450 390 545 477 aliqua
567 390 703 455 laborare
720 390 857 456 existimo
877 390 979 455 ultima
999 390 1052 456 illa
1071 391 1158 477 μερὶς
1167 398 1272 478 κρεῶν,

102 479 183 565 quud
205 499 270 542 cum
296 479 356 541 iam
377 498 430 564 per
451 498 484 541 se
506 476 579 540 satis
609 476 648 539 sit
668 476 790 557 mirum,
833 481 893 540 tum
914 475 1041 540 maxime
1062 476 1110 540 hic
1137 477 1273 562 effendit,

102 564 157 631 ubi
183 562 288 651 epulae
320 562 467 625 secundae
497 567 707 641 recensentur,
749 561 842 625 variis
870 582 989 625 carnum
1022 562 1181 650 generibm
1213 565 1273 630 iam

103 669 198 738 supra
219 648 413 712 enumeratis:
456 646 607 710 fatendum
633 652 731 710 tamen
759 652 805 710 est
830 646 917 709 etiam
944 646 976 709 in
1003 646 1140 710 secundis
1161 650 1272 715 mensis

104 754 212 799 carnes
234 732 382 820 appositas
405 752 488 812 esse,
519 730 549 794 id
571 730 647 816 quud
675 731 747 795 satis
770 729 980 795 exAthenaei
1000 731 1076 795 libro
1097 739 1199 816 quarto
1222 732 1274 798 de-

105 818 182 884 cimu
202 817 388 905 perspicitur.
425 816 564 881 Ceterum
585 822 616 880 et
635 815 674 879 ad
694 816 771 879 hanc
791 815 920 879 fabulam
942 824 972 879 et
992 816 1030 880 ad
1051 816 1175 881 eundem
1195 818 1274 884 hunc

104 902 203 968 lucum
222 902 322 966 refero
348 901 415 964 illus
436 921 559 982 versus,
591 900 640 984 qui
666 900 808 987 leguntur
835 899 911 964 aud
933 899 1034 965 Athen
1054 900 1095 965 Π.
1116 922 1144 988 p.
1165 902 1207 968 56
1228 901 1277 982 Εο,

101 985 202 1063 Ἰδίας
222 985 254 1049 d‘
279 982 377 1061 ούτας
397 987 560 1051 ἐκαλοῦντο
582 983 710 1050 ἄπλυτοι
731 922 907 1071 (impavidae,
928 983 966 1061 ἃς
986 987 1037 1048 καὶ
1055 985 1176 1062 Θασίας
1195 983 1272 1061 ὠνό-

106 1073 221 1156 μαζον·
246 1068 456 1156 Φερεκράτης·

189 1153 336 1242 Ῥαφανίς
357 1154 387 1219 τ’
412 1153 546 1230 ε’ίπλυτος
564 1149 703 1238 ύπύρχει,

117 1291 122 1300 .
195 1243 260 1305 Καὶ
280 1239 387 1325 θερμὰ
413 1240 527 1322 λουτριλ
553 1242 604 1303 καὶ
625 1240 720 1324 ταρί-

191 1351 233 1408 χη
256 1324 365 1390 πνικτὰ
385 1327 436 1389 καὶ
457 1322 495 1389 κά
537 1349 567 1388 α.
588 1360 632 1375 -·

107 1412 157 1481 lta
170 1412 255 1478 enim
275 1411 350 1475 haec
371 1349 535 1498 digerendi
554 1409 700 1476 videntur.
721 1407 792 1475 Alia
813 1409 982 1497 fragmenta
1002 1409 1088 1475 huius
1111 1410 1278 1476 comaediae

109 1518 129 1562 a
150 1503 213 1563 erte
234 1497 385 1561 continent
403 1517 509 1584 praece
530 1500 576 1576 ta,
617 1496 701 1559 uibus
722 1496 865 1582 magister
885 1495 936 1560 ille
959 1517 1062 1560 servos
1084 1497 1213 1579 instruit,
1235 1496 1279 1564 uti

109 1517 184 1648 idad
206 1580 282 1666 quod
304 1587 350 1644 est
370 1580 447 1669 apud
469 1515 670 1657 ndidemiv.
690 1601 720 1667 p.
741 1581 804 1646 699
825 1579 869 1644 F:

188 1679 317 1749 ’Άνυσύν
338 1681 408 1745 ποτ’
433 1677 579 1756 ἐξελθών,
605 1679 714 1754 σκότος
733 1679 792 1764 γὰρ
812 1681 951 1762 γίγνεται.

198 1770 262 1836 Καὶ
283 1766 337 1831 τὸν
357 1772 524 1847 λυχνοῦχον
545 1763 649 1849 ἔκφερ’
673 1764 772 1839 ε’νθεὶς
792 1765 846 1827 τὸν
865 1761 986 1846 λύχνον.

111 1870 183 1936 item
203 1868 284 1934 aliud
303 1867 411 1933 ibidem
433 1866 487 1931 XI.
508 1887 538 1954 p.
559 1862 623 1931 480
643 1862 686 1930 B:

196 1972 277 2034 Neri
299 1968 334 2033 δ’
359 1968 508 2046 ἀπονίζειν
528 1965 584 2050 τὴν
604 1962 714 2033 κύλικα
736 1964 789 2043 δὸς
810 1967 925 2050 ἓμαιεῖν

190 2051 291 2140 Ἔχχει
311 2053 341 2118 τ’
365 2055 482 2130 ἐπιθεὶς
501 2050 556 2117 τὸν
578 2047 690 2134 ἡθμόν.
1079 2115 1082 2120 ,

112 2143 161 2232 Ita
186 2177 266 2220 nunc
292 2155 402 2220 editum
425 2162 484 2220 est:
521 2153 576 2231 δὸς
597 2156 713 2236 ἐμπιεῖν
733 2152 891 2222 Dubraeus
917 2154 1037 2244 scripsit
1061 2177 1116 2244 pru
1148 2157 1281 2237 ecdicum

113 2240 241 2308 lectione
252 2241 360 2305 δώσων
380 2250 466 2317 πιεῖν,
488 2237 637 2317 ἀπονίζειν
658 2245 754 2306 autem
776 2261 795 2304 a
815 2241 1280 2331 wrrecturevideturprnfectum

115 2326 200 2408 esse,
221 2347 290 2390 nam
312 2325 406 2391 Cudd.
426 2325 513 2391 ABP
535 2325 684 2403 ἀπονίζειν
703 2325 856 2413 praebent.
895 2324 1023 2416 Scripsit
1041 2329 1147 2415 opiner
1166 2329 1282 2395 Phere-

115 2418 230 2477 crates:

201 2496 281 2559 Νυνλ
303 2492 335 2556 d'
358 2491 478 2572 ἀπόνιζε
499 2493 555 2574 τὴν
576 2488 683 2556 κύλικα
706 2487 814 2556 driuson
835 2503 919 2557 πιεῖν.

202 2579 324 2666 Turpes
346 2587 376 2642 et
396 2580 523 2647 abiectas
532 2578 759 2645 Atheniensium
780 2577 918 2648 libidines
939 2585 971 2644 ut
992 2586 1213 2670 nutaretpuete,
1234 2604 1283 2647 cn·

117 2664 262 2731 mundium
284 2664 390 2745 decuit,
412 2685 497 2749 quam
509 2661 672 2746 Κοριαννώ
693 2662 854 2753 inscripsit,
875 2664 976 2749 inqua
997 2666 1111 2749 quidem
1132 2667 1284 2737 comoedia

116 2771 221 2815 senem
246 2748 378 2830 induxit,
421 2749 470 2833 qui
502 2747 630 2825 adultum
658 2748 771 2813 habens
804 2748 913 2830 filium,
954 2751 1137 2821 meretricem
1169 2752 1283 2839 perdite

99 2824 242 2915 'amavit,
274 2834 355 2897 cuius
383 2855 481 2897 amere
514 2835 601 2902 etiam
627 2833 743 2898 iuvenis
777 2833 856 2901 filius
882 2834 999 2903 videtur
1029 2837 1192 2901 exarsisse.
1233 2835 1285 2900 Ex

117 2919 175 2984 hoc
196 2919 345 3000 convicio,
366 2919 442 3003 quud
468 2925 580 3005 patrem
608 2918 686 2982 inter
707 2924 793 3002 atque
820 2918 912 2991 filium
940 2927 1085 3002 exertum,
1111 2920 1194 3009 petiti
1215 2926 1286 2986 sunt

108 3002 275 3084 uersiculi,
302 3024 374 3088 quos
401 3003 615 3067 Grammaticus
637 3002 774 3067 Bekkeri
801 3002 842 3067 Τ.
862 3002 888 3068 Ι.
913 3005 1111 3091 p.418,15
1138 3005 1283 3071 servavit:

113 3079 257 3198 Ἅπαρτί·
280 3086 365 3173 παρὰ
385 3097 449 3162 τοῖς
469 3097 613 3168 κωμικοῖς
624 3087 659 3151 τὸ
673 3090 705 3162 ἐξ
720 3089 872 3151 ἐναντίου·
898 3086 1088 3174 Φερεκράτης
1098 3091 1283 3174 Κοριαννοῖ’

199 3175 327 3256 Απαρτὶ
348 3171 403 3253 μὲν
425 3165 478 3236 ούν
499 3174 567 3252 ἐμοὶ
587 3173 643 3255 μέν
664 3170 742 3249 εἷκύς
762 3171 823 3236 ἐστ’
848 3175 930 3258 ἐρᾶν,

205 3259 260 3319 Σοὶ
284 3256 316 3320 d'
342 3255 449 3320 οὐκέθ’
473 3254 550 3341 ὥρα.

118 3341 161 3426 Et
181 3341 324 3430 perditam
346 3342 427 3406 senis
449 3342 641 3426 insanamque
661 3340 813 3406 libidinem
834 3341 1026 3426 nescioquis,
1047 3343 1176 3408 fortasse
1197 3343 1288 3428 filius,

119 3435 239 3493 accusat
258 3426 324 3490 istis
344 3426 444 3491 verbis
466 3427 543 3514 apud
553 3426 692 3491 Phutium
711 3439 741 3515 p.
753 3427 861 3508 619‚8
881 3433 912 3493 et
922 3424 1043 3493 Suidam
1055 3428 1157 3496 Tull.
1169 3434 1199 3519 p.
1208 3431 1288 3501 53⁰2

200 3506 398 3592 Ὑοσκυαμᾶς
418 3508 496 3594 ἀνὴρ
521 3510 627 3594 γέρων.
786 3530 790 3537 ·

117 3594 157 3661 In
179 3594 280 3661 eadem
301 3596 403 3661 fabula
423 3596 608 3660 meretricum
629 3596 795 3665 convivium
817 3595 960 3679 exhibuit,
982 3618 1119 3682 quorsum
1139 3599 1289 3688 pertinent

118 3681 167 3747 illi
194 3701 298 3745 versus
320 3681 396 3769 apud
417 3679 604 3747 Athenaeum
631 3679 684 3750 lv.
705 3703 734 3769 p.
757 3681 819 3745 159
839 3681 882 3745 E:
918 3681 1020 3746 Ταῦτ’
1044 3683 1135 3748 εἰπὼν
1162 3679 1290 3749 ὅΚύν-

120 3769 246 3843 ουλκος,
272 3766 335 3830 ἐπεὶ
355 3764 400 3848 μὴ
422 3765 642 3849 ἐκροταλίσθη,
663 3766 825 3846 θυμωθείς
832 3813 841 3844 ,
865 3764 935 3830 ἀλλ’
959 3768 1062 3852 ἐπειδὴ
1085 3761 1187 3853 οὗτοι,
1217 3768 1289 3855 ἔφη,

120 3842 147 3915 ὦ
168 3850 394 3935 συμποσίαρχε,
417 3846 477 3915 dat
499 3852 732 3935 λογοδιαρροίας
754 3848 962 3933 ἐνοχλούμενοι
984 3853 1026 3937 μὴ
1048 3860 1188 3920 πεινῶσιν
1208 3852 1227 3938 ἢ
1249 3854 1288 3920 cci

120 3938 190 4021 περὶ
211 3940 268 4018 τῆς
289 3939 390 4021 φακῆς
409 3935 557 4016 λεχθέντα
575 3934 787 4018 χλευάζουσιν,
818 3939 850 4001 ἐν
876 3943 919 4024 νῷ
947 3935 1064 4021 ἔχοντες
1085 3939 1125 4005 τὰ
1146 3938 1289 4029 εἰρημένα

123 4033 307 4125 Φερεκράτει
329 4037 360 4101 ἐν
381 4039 562 4119 Κοριαννοῖ·

211 4120 291 4206 Φέρε
305 4120 344 4202 δὴ
365 4126 550 4189 κατακλινῶ·
572 4121 612 4186 σύ
632 4120 667 4186 δὲ
686 4090 837 4205 τράπεζαν,
852 4115 986 4210 εἷ’σφερν

208 4207 276 4272 Καὶ
297 4202 405 4270 κύλικα
425 4206 616 4294 κάντραγεῖν,
640 4205 683 4271 ’ἶν’
706 4205 851 4289 duacen!
875 4252 884 4272 .

211 4292 252 4356 Β.
268 4288 350 4359 Ἰδού
370 4287 457 4369 κύλιξ
477 4316 527 4359 σοι
547 4295 600 4358 καλ
618 4287 753 4379 τράπεζα
773 4295 825 4359 καλ
846 4293 956 4381 φακοί.Ι
