2760 4792
115 210 181 282 25⁰
496 210 900 280 COMMENTATIONES

116 384 189 449 urbe
210 383 246 448 ab
268 381 442 472 Hyperbolo
469 382 606 464 emisset,
637 402 711 466 quae
742 380 894 445 videretur
920 389 1046 446 externa
1072 382 1171 471 specie
1194 403 1289 449 aurea

117 490 202 549 osse,
235 469 288 533 sed
315 475 396 532 esset
426 466 571 556 plumbea.
613 467 806 554 Hyperbolus
833 468 929 548 enim,
962 474 995 530 ut
1026 487 1112 551 quam
1139 469 1288 533 maximas

117 554 235 619 divitias
258 553 441 633 corraderet,
468 551 524 615 hac
545 552 651 616 fraude
671 573 742 615 usus
764 558 845 633 erat,
873 559 905 615 ut
929 552 1077 639 plumbum
1098 551 1288 637 admisceret,

117 639 385 790 qu⁰1iggemmm
416 636 531 726 pondus
562 645 736 725 augeretur:
762 637 823 701 vid.
843 636 1061 727 Aristophanes
1088 636 1121 700 in
1147 636 1289 705 Nubibus

117 745 147 790 y.
260 745 269 786 ι

196 803 386 891 Ὑπέρβολος
407 802 438 869 δ’
462 806 496 869 ἐκ
515 811 577 869 τῶν
598 801 716 886 λόχνων
736 810 821 868 πλεῖν
842 800 1013 886 ῆτάλαντα
1033 801 1134 868 πολλδ

199 891 319 975 Εἰληφε
347 889 398 954 διὰ
428 891 592 975 πονηρίαν,
619 889 689 953 ἀλλ’
715 891 752 954 oui
778 889 824 971 μὰ
845 891 900 954 Δι’
926 889 961 954 οδ
988 884 1157 974 μάχαιραν.

116 978 167 1042 ubi
187 977 219 1041 in
241 976 362 1041 scholiis
383 976 457 1039 haec
478 976 631 1062 leguntur:
662 966 763 1050 Οὗτος
784 973 964 1056 λυχνοποιὸς
984 971 1027 1037 ὢν
1048 971 1129 1037 πάνυ
1150 978 1289 1061 πανοῦρ-

115 1088 169 1146 γος
189 1054 245 1144 ῆν·
272 1060 308 1125 οά
329 1061 388 1144 γὰρ
414 1067 520 1146 χαλκῷ
541 1058 636 1139 μόνον
657 1061 766 1144 ἐχρῆτο
787 1059 864 1146 πρὸς
884 1060 939 1140 τῆν
960 1065 1021 1123 τῶν
1048 1056 1168 1141 λύχνων
1187 1084 1290 1125 κατα·

116 1146 242 1231 σκευήν,
270 1145 349 1209 ἀλλὰ
371 1148 421 1207 καὶ
442 1144 593 1225 μόλιβδον
613 1147 754 1220 ἐνετίθει,
774 1146 826 1208 λ’να
847 1145 925 1209 πολὺ
946 1142 1044 1229 βάρος
1064 1141 1184 1224 ἔχοντες
1200 1146 1290 1209 πλείω

47 1274 49 1281 ,
117 1257 187 1307 ονος
215 1230 294 1307 ἀξιοι
321 1222 410 1294 ὦσιν·
441 1230 492 1291 καὶ
520 1227 617 1306 οὕτως
647 1227 784 1311 ἐξηπάτα
811 1230 884 1305 τοὺς
910 1229 1107 1314 πριαμένους.
1150 1228 1289 1297 Similem

115 1317 342 1382 fraudulentiam
369 1335 429 1378 non
450 1314 585 1382 dissimili
616 1316 786 1380 rationein
807 1313 920 1380 Cleone
941 1314 1160 1403 Aristophanes
1181 1336 1289 1407 repre·

117 1402 220 1466 hendit
240 1399 350 1486 Equitt.
370 1420 400 1462 v.
421 1400 499 1465 315:

198 1488 239 1549 m
261 1486 295 1548 δὲ
313 1483 357 1565 μῆ
379 1479 417 1547 σά
438 1483 468 1566 γ’
493 1480 589 1548 οἶσθα
609 1481 756 1565 κάττυμ’,
780 1482 850 1549 οὔδ’
874 1481 933 1568 ἐγὼ
950 1479 1166 1568 χορδεύματα·

192 1568 299 1646 Ὅστις
319 1566 497 1647 ὑποτέμνων
518 1568 642 1646 ἐπώλεις
663 1571 761 1655 δέρμα
782 1574 946 1653 μοχθηροῦ
967 1568 1044 1648 βοός
1126 1574 1129 1579 ’

200 1660 277 1730 Τοῖς
298 1653 483 1738 ἀγροίκοισιν
504 1651 699 1739 πανοόργως;
719 1653 797 1718 ὥστε
819 1656 986 1738 φαίνεσθαι
1007 1650 1090 1735 παγρ)

199 1741 265 1806 Καὶ
288 1742 359 1825 πρὶν
385 1734 503 1825 ῆμέραν
524 1745 659 1825 φορῆσαι
680 1743 781 1819 μεῖζον
801 1731 838 1822 ῆν
859 1741 945 1803 δοοΐν
966 1741 1108 1821 δοχμαῖν.

198 1827 292 1891 NIK.
318 1823 371 1906 Νὴ
393 1825 452 1899 Δί,
480 1822 558 1905 κάμὲ
578 1823 664 1889 τοῦτ>
689 1824 799 1911 ἔδρασε
819 1821 947 1900 ταάτόν,
975 1821 1051 1888 ὥστε
1072 1823 1124 1886 καλ
1143 1820 1242 1907 γέλων

196 1907 374 1991 Πάμπολυν
393 1918 458 1984 τοῖς
478 1907 642 1989 δημόταισι
663 1913 713 1973 καλ
736 1911 836 1995 φιλοις
860 1914 1076 1991 παρασχεθεῖν.

197 1998 282 2081 Πρὶν
301 1990 456 2078 γὰρεῖναι
477 1996 693 2076 Περγασῆσιν,
715 1992 796 2057 ἔνεον
816 1996 849 2058 ἐν
869 2003 936 2069 ταῖς
957 1992 1097 2075 ἐμβάσιν.

112 2081 191 2162 nbi,
204 2080 282 2166 qnod
307 2080 491 2167 praeteriens
519 2079 609 2159 addo,
637 2077 804 2142 Scholiasta
828 2081 860 2142 in
880 2080 972 2143 verbo
999 2074 1163 2159 δημόταισι
1184 2076 1284 2165 expli-

113 2165 206 2230 cando
233 2164 387 2262 admodum
413 2169 557 2310 nupatur:
589 2163 685 2260 intelli
709 2163 779 2262 endi
803 2174 873 2226 sunt
896 2164 1119 2250 Pergasenses,
1155 2181 1195 2225 cx
1223 2182 1283 2247 quo

111 2271 190 2398 ἀλλο
207 2244 1282 2415 §blittolollllllljcltllhllatthtbblalylllxl:

111 2420 188 2494 τίνες
214 2412 385 2481 ἀπώλεσαν.
429 2415 568 2482 Ceterum
596 2415 735 2482 Cratinus
763 2417 967 2507 Hyperbolum
993 2420 1081 2483 etiam
1107 2418 1140 2481 in
1164 2414 1281 2504 Pytine

113 2503 229 2592 attigit,
249 2501 309 2566 vid.
331 2500 431 2567 Schol.
454 2502 605 2589 Aristoph.
626 2501 699 2566 Pac.
719 2503 798 2568 691:

192 2585 383 2668 Ὑπέρβολον
403 2585 434 2650 δ’
458 2586 634 2667 ἀποσβέσας
656 2588 687 2651 ἓν
707 2596 772 2663 τοῖς
793 2582 928 2668 λάχνοισι
948 2582 1080 2670 γράψον.

112 2674 193 2739 etin
214 2673 324 2753 Horis,
345 2671 405 2736 vid.
427 2670 584 2749 Scholiast.
605 2671 735 2735 Luciani
756 2672 877 2737 Timon.
899 2694 924 2736 c.
946 2673 998 2737 30.

195 2759 231 2822 In
257 2756 310 2822 illo
331 2757 516 2865 fragmento,
542 2755 619 2841 quod
646 2758 777 2820 servavit
796 2757 971 2822 Athenaeus
991 2756 1017 2821 l.
1038 2777 1067 2843 p.
1087 2754 1111 2820 8
1130 2753 1178 2819 A:
1210 2750 1278 2817 rm

111 2846 185 2927 γοῦν
215 2843 357 2926 γλίσχρον
390 2837 564 2922 Ισχόμαχον
598 2843 754 2927 Κρατῖνος
785 2838 946 2906 Μυκόνιον
979 2845 1075 2905 καλεῖ.
1123 2841 1203 2915 Πῶς
1236 2834 1278 2903 διν

107 2925 290 3009 Ἰσχομάχου
316 2924 443 3010 γεγονὼς
464 2927 627 2990 Μυκονίου
654 2921 826 3011 φιλόδωρος
852 2924 890 2990 ἀν
916 2925 995 3008 είηςς
1036 2924 1209 2990 Meinek'ms
1235 2922 1277 2989 ad

110 3012 308 3078 Menandrum
341 3034 369 3099 p.
395 3011 417 3076 8
444 3033 550 3075 versus
578 3011 718 3076 iambicos
750 3013 807 3076 sibi
834 3012 983 3100 reperisse
1009 3012 1092 3075 visus
1126 3014 1188 3090 cst,
1219 3006 1276 3073 sod

110 3098 225 3162 numeri
256 3117 378 3186 prorsus
413 3104 482 3160 sunt
507 3096 638 3161 diversi:
679 3116 738 3184 ego
769 3097 885 3184 quidem
916 3097 989 3160 haec
1022 3096 1065 3161 ita
1094 3092 1276 3182 corrigenda

107 3184 247 3248 arbitror:
720 3186 722 3191 '

192 3271 281 3342 Πῶς
301 3264 370 3351 γάρ
392 3263 436 3329 ἀν
453 3259 633 3346 Ἰσχομάχου
651 3261 779 3349 γεγονώς
798 3270 865 3329 τοῦ

191 3353 353 3417 Μυκονίου
375 3348 547 3436 φιλόδωρος
568 3348 607 3412 ἀν
627 3348 709 3431 εἴηςς

105 3438 267 3502 Μυκονίου
289 3438 367 3503 enim
381 3437 474 3525 prima
494 3435 611 3522 syllaba
621 3435 762 3522 producta
772 3440 859 3523 poeta
868 3433 984 3499 videtur
995 3431 1120 3514 dixisse,
1140 3429 1272 3517 quando-

107 3521 223 3607 quidem
251 3521 338 3586 aliter
364 3522 432 3585 huic
452 3541 574 3584 numero
595 3539 654 3582 non
696 3519 769 3583 otuit
790 3518 938 3606 adaptare.
979 3518 1187 3583 Ischomachus
1207 3514 1272 3599 ille,

108 3606 194 3672 homo
221 3607 399 3688 ditissimus,
427 3606 501 3670 duos
526 3604 630 3668 hahuit
654 3541 748 3686 filios,
801 3604 832 3667 ui
858 3604 973 3689 quidem
1005 3603 1043 3669 ad
1089 3608 1272 3703 aupertatem

105 3691 243 3756 uidentur
272 3691 383 3756 redacti
410 3712 493 3755 esse:
526 3690 697 3754 alterutrum
728 3624 842 3753 erbis
873 3688 1030 3773 alloquitur
1055 3624 1160 3773 aliqum
1191 3684 1272 3775 apud

107 3774 274 3843 Cratinum:
297 3776 336 3841 cf.
358 3776 395 3840 de
415 3776 462 3839 his
482 3774 597 3860 Lysias
618 3795 672 3863 pro
693 3773 778 3838 bonis
787 3773 998 3861 Aristophanis
1020 3771 1122 3859 §.452
1143 3770 1271 3837 Αὐτίκα

102 3859 288 3947 Ἰσχομάχῳ,
316 3860 372 3934 λ’ως
392 3858 459 3941 ἔζη,
489 3856 597 3936 πάντες
617 3857 713 3945 ᾤοντο
734 3855 808 3922 εἶναι
829 3858 920 3921 πλέον
939 3856 959 3939 ἢ
981 3853 1192 3941 ἑβδομήκοντα
1212 3850 1271 3920 τά-

106 3950 218 4023 λαντα,
244 3946 286 4022 ὡς
306 3943 365 4029 ἐγὼ
386 3942 503 4008 ἀκοόω·
533 3945 719 4025 ἐνειμάσθην
739 3944 773 4007 δὲ
793 3940 837 4007 τά
858 3941 917 4007 υἱέε
939 3941 1011 4007 οὐδὲ
1036 3943 1110 4006 δίκα
1130 3938 1270 4007 τάλαντα

105 4029 238 4117 ἔκατίρω
259 4026 482 4106 ἀποθανόντος.
515 4029 700 4097 Ischomachi
719 4029 872 4116 ingentem
892 4050 955 4091 rem
975 4028 1152 4093 familiarem
1172 4026 1270 4093 immi·

102 4122 203 4181 nutam
230 4137 298 4182 esse
325 4116 412 4179 etiam
432 4113 609 4179 Heraclides
636 4114 778 4178 Ponticus
805 4134 851 4201 ap.
872 4112 983 4176 Athen.
1003 4111 1073 4177 Xll.
1092 4134 1122 4200 p.
1142 4112 1209 4178 537
1229 4108 1268 4177 G.

102 4202 260 4268 memoriae
280 4200 421 4289 prodidit:
451 4199 517 4263 Τὸν
537 4199 571 4262 δι’
592 4200 702 4264 Νικίου
727 4199 804 4283 φησὶ
824 4203 881 4261 τοῦ
901 4199 1107 4281 Περγασῆθεν
1132 4200 1269 4261 πλοῦτον

103 4284 123 4371 ἢ
149 4286 204 4353 τόν
220 4281 402 4370 Ἰσχομάχου
428 4284 505 4362 τίνες
530 4280 723 4367 ἀπάλεσαν;·
739 4282 796 4347 οόκ
815 4282 996 4365 Αὐτοκλέης
1022 4284 1073 4347 καλ
1096 4279 1266 4365 Ἔπικλίης,
