2768 4770
284 187 287 191 ’
342 226 1071 310 nuruum.oouonn.sru.suu1o
1223 234 1288 305 sor

115 401 248 469 fabulam
270 416 442 466 revocarem
463 400 605 467 adductus
632 420 697 466 sum
718 402 784 492 ipso
805 400 973 467 comoediae
993 400 1129 486 nomine,
1150 404 1288 472 tibiarum

115 489 197 553 enim
227 508 316 551 rauco
343 487 467 574 strepitu
494 488 687 551 comissantes
713 488 757 551 uti
783 486 933 568 solebant,
964 488 1062 573 itaque
1088 489 1229 556 Pratinas
1256 492 1289 556 in

114 573 348 663 lryporchemate
369 572 446 660 apud
466 570 758 720 Atlpguap'umffl.
779 593 808 660 p.
819 575 884 637 617
905 572 946 637 D.
968 573 1058 638 dixit:

635 680 712 720 αυο

113 778 121 803 s
175 739 344 825 ,Ὕστερον
360 739 528 824 χορευέτω·
550 744 600 805 καί
621 739 680 827 γάρ
701 681 773 806 ἐόνθ’
796 737 960 826 ὑπηρέτας.

201 823 310 912 Κώμφ
330 824 427 907 μόνον
446 823 643 910 θυραμάχοις
662 851 695 890 τε
716 828 917 909 πυγμαχίαισι
938 828 1013 891 νέων
1029 828 1113 893 θέλει
1134 831 1288 916 παροίνων

193 909 344 993 ’Ἑμμεναι
365 910 589 995 στρατηλάτας.

112 998 155 1062 cl.
165 997 455 1148 ppl3Anacrmutem
486 1017 516 1086 p.
537 996 609 1062 188.
650 995 753 1082 ltaque
772 998 999 1062 venustissimus
1020 1005 1108 1087 poeta
1128 998 1288 1088 Theognis

110 1103 144 1148 u.
237 1104 245 1144 ε

199 1169 278 1240 Πῶς
298 1160 371 1246 ἡμῖν
391 1163 531 1248 τίτληκεν
551 1162 607 1228 ὑπ’
630 1163 804 1250 αόλητῆρος
824 1162 935 1230 ἀείδειν

272 1245 396 1332 Θυμός;
416 1256 472 1334 γῆς
494 1249 524 1313 δ’
549 1246 641 1333 οδρος
662 1251 801 1336 φαίνεται
823 1251 856 1326 ἓξ
877 1250 1005 1335 ἀγορῆς,

192 1331 241 1399 Ἣ
257 1359 289 1398 τε
309 1333 413 1420 τρέφει
440 1344 602 1420 καρποῖσιν
622 1335 655 1399 έν
675 1337 842 1411 εἰλαπίναις
863 1339 1031 1421 φορέοντας

270 1417 432 1505 Ξανδῇσίν
457 1444 489 1483 τε
516 1416 626 1502 κόμαις
657 1421 853 1505 πορφυρέους
879 1419 1058 1506 στεφάνους.

197 1501 288 1569 Ἀλλ’
313 1502 366 1587 άγε
387 1503 426 1585 δὴ
440 1501 553 1567 Σκύθα
574 1513 652 1587 κεῖρε
674 1503 781 1587 κόμην,
803 1501 943 1570 ἀπόπαυε
965 1507 999 1571 δὲ
1019 1513 1132 1589 κῶμον,

219 1589 384 1740 105Πένθει
405 1588 439 1652 δ’
464 1585 563 1678 εότόδη
581 1594 686 1675 χῶρον
712 1587 932 1670 ἀπολλύμενον.

112 1681 145 1740 et
166 1692 196 1741 Vs
281 1676 316 1740 8:

194 1757 248 1823 Ἓν
268 1758 298 1821 δ’
321 1757 383 1844 ἥβη
405 1752 490 1841 πάρα
510 1756 568 1836 μέν
587 1754 646 1821 σὺν
666 1753 787 1838 όμῆλικι
809 1753 932 1822 κάλλιον
952 1755 1049 1822 εάδειν

262 1840 407 1928 Ἶμερτῶν
428 1841 522 1925 έργων
543 1844 576 1916 ἐξ
597 1840 668 1926 έρον
689 1840 815 1921 ἱέμενον,

190 1925 277 1990 Ἔστι
299 1930 332 1992 δὲ
353 1925 531 2007 κωμάζοντα
551 1927 622 2007 μετ’
647 1925 821 2010 αὕλητῆρος
840 1922 960 1991 άείδειν.

109 2014 156 2078 ita
177 2013 254 2077 enim
276 2012 499 2100 corrigendum,
521 2011 612 2098 vulgo
633 2011 718 2093 παρά
737 2013 794 2091 μέν
815 2008 998 2094 σσνομήλικι
1015 2037 1042 2077 κ.
1064 2010 1168 2080 εὕδειν.
1197 2013 1285 2081 Adde

111 2098 184 2163 ibid.
205 2119 233 2161 v.
255 2099 318 2163 933
340 2118 420 2181 seqq.
444 2097 528 2161 1038
548 2117 629 2182 seqq.
660 2096 805 2160 Fortasse
827 2103 923 2161 autem
944 2105 1075 2186 praestat
1096 2099 1264 2186 corrigere:

197 2181 304 2254 Πολδς
323 2184 359 2245 δὲ
379 2179 593 2265 συβαριασμδς
612 2179 755 2264 αὐλητῶν
775 2178 851 2245 τότ’
875 2173 930 2264 ἦν.
1171 2182 1175 2187 ’

110 2266 219 2333 Solent
244 2268 321 2331 enim
345 2267 451 2331 Graeci
478 2267 509 2329 in
531 2267 639 2331 talibus
660 2267 795 2356 inprimis
816 2267 889 2332 lucis
910 2267 1032 2332 verbum
1052 2267 1182 2358 simplex
1200 2291 1287 2334 usur-

109 2372 195 2441 pare,
217 2352 368 2427 ubialiud
388 2352 520 2432 verbum,
542 2352 618 2436 quod
638 2373 702 2416 rem
724 2353 821 2439 magis
841 2354 1026 2440 explanaret,
1047 2368 1286 2442 exspectaveras,

110 2438 154 2502 uti
176 2443 223 2501 est
244 2436 320 2524 apud
340 2434 512 2524 Euripidem
534 2436 565 2498 in
588 2435 707 2499 Helena
727 2457 757 2500 v.
780 2437 878 2502 1622:
1103 2471 1105 2475 ·

486 2554 528 2569 -
549 2520 715 2599 Κέλευσμα
736 2516 768 2584 δ’
790 2513 828 2603 ἦν

196 2607 236 2668 Π
243 2599 387 2687 ’όμνηθεν
404 2601 541 2687 Ἑλένης,
563 2609 625 2668 ποῦ
640 2603 681 2669 ’τδ
705 2604 846 2690 Τρωϊκὸν
866 2605 969 2690 κλέος,·

110 2693 142 2756 et
161 2690 195 2756 in
249 2691 340 2754 ecula
365 2711 395 2755 v.
416 2691 496 2756 929:

195 2775 361 2854 Κέλευσμα
382 2773 415 2836 δ’
438 2766 476 2856 ἦν
502 2771 574 2838 κατ’
598 2770 677 2838 doro
700 2775 818 2860 Τρδίας
837 2772 926 2841 τόδ’·
952 2766 979 2841 ὦ

115 2890 118 2895 ·
195 2860 314 2935 Παῖδες
330 2856 501 2938 Ἑλλάνων,
523 2855 596 2923 πότε
611 2857 655 2941 Ιδὴ
676 2856 749 2925 τ’τότε
768 2860 826 2925 τάν

193 2939 309 3008 Ἰλιάδα
330 2942 460 3008 σκοπιάν
480 2942 746 3029 πέρσαντεςῆξεθ
772 2946 892 3028 οίκουςς

109 3030 215 3094 Neue
243 3029 380 3094 dissimili
407 3048 529 3131 prorsus
556 3031 673 3094 ratione
699 3030 784 3095 latini
813 3033 988 3119 scriptores,
1032 3030 1075 3094 uti
1096 3028 1203 3097 Cicero
1229 3051 1284 3121 pro

111 3050 211 3180 Gallio
238 3115 315 3203 apud
339 3114 478 3199 Aquilam
507 3115 555 3188 ‚de
578 3115 685 3203 figuris
709 3117 749 3180 2:
792 3115 873 3196 „Fit
898 3115 1030 3196 clamor,
1060 3115 1095 3178 fit
1121 3117 1283 3182 convicium

110 3196 282 3280 mulierum,
315 3200 348 3264 fit
386 3199 579 3287 symphoniae
606 3203 743 3264 cautus.“
787 3201 866 3266 Tale
899 3209 994 3265 autem
1026 3200 1223 3286 spectaculum
1250 3203 1281 3265 in

108 3283 166 3347 hac
187 3284 289 3348 fabula
309 3284 512 3370 Phrynichum
535 3283 708 3348 exhibuisse
727 3284 882 3349 confirmat
901 3285 953 3350 ille
974 3305 1091 3365 versus,
1114 3305 1198 3369 quem
1210 3285 1283 3350 Pol-⁴

109 3367 163 3432 lux
185 3369 273 3432 affert
293 3369 348 3472 Νἑ
369 3372 426 3435 55:
458 3370 523 3477 Ital
546 3369 648 3456 ἕτερον
669 3366 839 3448 πτιστικόν,
868 3367 910 3444 ὡς
933 3366 1086 3453 Φρύνιχος
1108 3371 1140 3433 ἓν
1161 3373 1283 3453 Κωμα-

109 3476 324 3621 mmc'E‘l‘dlmda'
335 3478 607 3626 acaddldedwdspmmi
626 3564 656 3603 τι
677 3528 841 3603 πτιστικόν.

109 3623 161 3687 ubi
182 3645 247 3687 cum
268 3622 415 3687 Salmasio
437 3623 601 3688 addendum
622 3632 669 3688 est
689 3625 732 3701 τί,
756 3624 831 3709 quod
853 3621 1063 3709 quodammodo
1084 3618 1285 3689 firmalNico·

108 3708 229 3796 phontis
250 3730 356 3771 versus
379 3730 418 3773 ex
438 3708 700 3793 Χειρογάστορσιν
721 3709 828 3774 ibidem
851 3729 870 3773 a
890 3707 1013 3771 Polluce
1034 3707 1219 3796 adscriptos:

190 3791 287 3855 Ἀλλ’
313 3793 360 3855 ἴθι
382 3793 598 3874 προσαύλησον
618 3793 657 3858 οδ
678 3799 739 3878 νῷν
760 3789 890 3872 πτισμόν
910 3814 988 3855 τινα.
1118 3803 1121 3807 ’

109 3875 251 3943 Ceterum
264 3877 365 3940 eodem
378 3879 506 3960 nomine,
529 3899 584 3963 quo
605 3879 679 3943 haec
691 3876 877 3965 Phrynichia
897 3878 1009 3958 fabula,
1031 3876 1283 3967 etiamdmipsise

108 3963 261 4026 comoedia
288 3962 344 4025 luit
371 3963 528 4050 inscripta,
571 3985 645 4047 quae
672 3964 757 4028 docta
788 3972 833 4026 est
861 3963 978 4049 Olymp.
999 3961 1123 4027 XCI.2
1166 3972 1283 4029 raetore

109 4047 260 4126 Chabria,
281 4047 341 4110 vid.
362 4047 540 4134 Argumeut.
562 4049 716 4135 Aristoph.
736 4047 864 4112 Avium:
882 4043 1052 4129 Ἐδιδάχθη
1073 4047 1122 4111 ἐπὶ
1170 4049 1282 4131 αβρίου

108 4131 161 4196 διὰ
183 4128 421 4214 Καλλιστράτου
448 4135 480 4196 έν
506 4131 605 4209 ducas,
633 4131 667 4208 δς
692 4127 730 4213 ἦν
750 4129 891 4217 δεότερος
916 4143 981 4208 τοῖς
994 4131 1132 4216 Ὄρνισι,
1159 4139 1282 4218 πρῶτος

98 4214 266 4296 Ἀμειψίας
288 4218 491 4300 Κωμασταῖς,
514 4219 615 4302 τρίτος
638 4215 791 4301 Φρύνιχος
811 4213 1021 4305 Μονοτρόπῳ.
1043 4237 1147 4282 verum
1167 4217 1280 4282 nullum

104 4320 233 4392 prorsus
253 4302 452 4387 srugnuentum
473 4320 513 4366 ex
533 4302 590 4368 huc
609 4296 760 4371 comoedia
780 4324 800 4370 a
819 4301 969 4369 veteribus
995 4302 1196 4393 grammaticis
1217 4321 1282 4367 ser-
