2760 4792
161 241 226 308 428
544 237 947 308 COMMENTATIONES

159 411 209 474 καὶ
237 399 331 484 αὖθις
356 408 461 490 utitur,
492 408 519 471 si
545 428 605 473 non
627 429 666 471 ex
691 407 795 472 eodem
822 407 898 472 lihro
924 412 955 472 et
981 406 1120 472 continno
1146 406 1269 491 ordino,
1300 416 1333 475 at

160 494 402 594 eerteexeoolom
423 493 482 557 scri
502 500 566 592 tore
587 514 671 557 exem
692 491 732 574 la,
754 513 829 577 qnae
854 493 896 557 ita
935 492 1040 574 rolert,
1060 492 1184 601 petiipse
1204 514 1331 559 oenren·

158 578 213 644 dus
235 587 297 660 est,
318 578 458 682 nt11qnod
479 514 590 683 ligitur
610 576 652 641 T.
672 514 714 641 ll.
734 598 763 665 p.
784 577 863 642 387:
929 580 1111 661 υαμοτροιξ·
1133 602 1151 641 ο
1173 574 1331 663 δικαστής,

156 663 341 750 τρεφόμενος
361 663 420 725 υπὸ
443 683 582 740 κυαμων·
610 661 669 745 πρὸ
690 660 747 745 γὰρ
769 666 824 741 τῆς
849 658 994 745 εὖρίσεαις
1019 668 1081 726 τῶν
1104 660 1225 748 ψήφων
1250 658 1330 729 κυά-

156 773 228 827 μοις
249 751 381 829 ἐχρῶντο
403 749 434 810 ἐν
454 755 522 822 ταῖς
539 748 738 827 χειροτονίαις
749 752 810 809 τῶν
830 743 987 830 ἀρχόντων
1007 749 1059 810 καλ
1080 747 1113 812 ἔν
1133 756 1201 823 ταῖς
1221 748 1329 831 ἔκκλη-

61 833 64 837 ’
156 835 253 909 σίαις·
283 829 324 909 ὡς
347 825 401 896 οὖν
427 838 488 895 τῶν
508 832 706 916 ψηφιζόνταιν
732 827 877 916 ἀργύριον
904 828 1205 912 λαμβανάιταιν·κοιλ
1223 856 1329 919 χειρο-

156 915 326 982 τονοάντων
346 915 417 992 τοὺς
439 912 580 991 διδόντας
600 916 708 979 πλέον·
736 919 787 979 καὶ
809 908 920 991 αὖθις·

242 1005 353 1086 Κρινεῖ
369 1001 402 1064 δὲ
422 999 551 1076 τούτους
572 999 608 1064 οὐ
630 999 812 1084 κυαμοτρὼξ
829 995 987 1075 Ἀττικάς.
1206 1046 1210 1055 »

156 1086 242 1152 Haec
256 1088 381 1172 quidem,
392 1087 524 1172 quamvis
536 1106 595 1149 non
608 1086 681 1149 satis
702 1086 832 1171 integra,
848 1086 996 1173 descripta
1016 1089 1085 1151 sunt
1104 1105 1145 1151 ex
1157 1084 1327 1153 Scholiasta

156 1170 366 1260 Aristophanis
388 1171 425 1236 ad
446 1170 570 1256 Equites
601 1192 630 1234 v.
652 1169 710 1250 41,
738 1170 788 1233 uhi
810 1170 910 1235 ultima
936 1171 990 1236 illa
1015 1172 1066 1234 καλ
1088 1160 1183 1247 αὖθις
1208 1170 1327 1237 darino·

155 1264 274 1338 rantur,
301 1256 354 1320 sed
376 1276 462 1319 nemo
489 1256 499 1318 i
524 1262 625 1335 norat,
655 1276 738 1339 quam
760 1254 848 1319 foede
869 1254 1070 1319 commentarii
1095 1253 1140 1320 illi
1161 1254 1276 1343 antiqui
1293 1256 1328 1321 in

155 1341 366 1429 Aristophanis
393 1277 559 1403 comoerlias
587 1338 749 1403 detruncati
776 1339 850 1403 sint:
893 1361 932 1404 ex
958 1339 1006 1404 his
1034 1338 1127 1440 igitur
1158 1361 1223 1405 cum
1253 1338 1327 1407 illul

155 1446 268 1511 qnoque
289 1425 406 1513 petierit
424 1422 543 1504 Sunius,
564 1424 616 1488 ille
638 1423 801 1488 versiculus
816 1424 1008 1513 Aristophani
1028 1424 1224 1490 vrndirandus
1245 1432 1301 1491 est.

239 1526 399 1608 Philoitos
421 1525 617 1611 fragmentum
644 1525 762 1589 lahulae
788 1527 907 1590 nomino
928 1525 1038 1590 omisso
1058 1524 1170 1591 Pollux
1190 1524 1263 1597 Vll.
1282 1528 1325 1593 2⁹

156 1612 301 1676 servavit:
328 1613 392 1673 Kal
414 1610 596 1694 κροκυιλίζειν
620 1606 784 1684 Φιλύλλιος
804 1606 881 1673 εἷπε·

243 1694 289 1757 Τὸ
311 1691 452 1778 κάταγμα
474 1695 710 1779 κροκυιλίζουοαν
732 1693 829 1774 αὐτὴν
849 1694 1029 1774 κατέλαβον.

156 1775 229 1863 ὅπερ
252 1778 333 1843 ἔστιν
353 1780 534 1861 ἐκλέγουσαν
554 1778 589 1842 τὸ
611 1777 718 1863 τραχύ.
746 1777 903 1867 Suspicor,
926 1780 952 1843 si
974 1778 1170 1845 coniecturam
1191 1779 1322 1867 qrammi

155 1865 298 1929 incertam
318 1884 482 1952 proponere
503 1863 540 1928 do
561 1864 616 1928 hoc
637 1885 726 1928 versu
748 1863 831 1946 licet,
852 1871 967 1952 poetam
989 1864 1161 1951 scripsisse:

242 1948 288 2013 Th
310 1945 450 2032 κάταγμα
472 1950 708 2032 κροκυδίζουσαν
728 1952 763 2012 A
769 1946 789 2011 ά
795 1973 862 2031 γην
883 1949 1061 2029 κατέλαβον.

153 2041 186 2099 ut
217 2033 290 2098 haec
317 2034 378 2097 sint
406 2033 545 2097 Herculis
571 2035 662 2098 verha
691 2034 728 2097 de
749 2033 839 2120 Auge
865 2034 897 2098 in
924 2032 978 2097 illa
1003 2032 1120 2114 fabula,
1153 2052 1240 2133 pum
1267 2033 1321 2099 hoe

153 2120 272 2183 nomino
301 2119 420 2183 scrisit
446 2117 621 2206 Philylhus:
661 2115 753 2199 Αὔγη
779 2138 851 2182 vero
877 2124 907 2182 et
936 2116 1014 2200 αὐτὴ
1040 2117 1215 2206 saepissimo
1253 2124 1321 2183 runt

154 2204 295 2283 confusa,
326 2140 384 2268 vil.
412 2201 610 2271 Valckenaer.
652 2202 790 2266 Diatriho
816 2202 852 2266 (le
879 2201 1012 2290 Euripid.
1039 2200 1165 2289 Fragm.
1195 2223 1225 2292 p.
1248 2200 1319 2269 lul.

153 2287 315 2373 Philyllius
346 2287 423 2351 eninr
449 2286 487 2350 in'
507 2286 564 2352 hac
594 2285 696 2350 fabula
724 2286 841 2350 induxit
867 2285 1043 2367 Herculem,
1084 2285 1195 2374 Angue
1221 2306 1319 2353 amoro

152 2380 282 2460 captum,
323 2378 409 2456 atque
436 2377 469 2435 nt
496 2378 722 2435 consentaneum
752 2380 798 2435 est
829 2370 946 2459 largum
979 2371 1113 2435 exhihuit
1144 2371 1319 2453 convivium,

152 2462 427 2607 quoppmespectat
451 2455 524 2521 illud
544 2457 762 2544 fragmentum,
786 2455 872 2542 'qnod
893 2462 939 2520 est
959 2454 1036 2543 apud
1056 2454 1245 2521 Athenaeum
1263 2454 1318 2523 ΠΙ.

151 2563 170 2630 p
234 2624 341 2701 Αὐτὸς
362 2620 609 2710 φίρωναάρειμι
631 2629 735 2707 πυρῶν
757 2621 896 2706 ἐκγόνους
917 2619 1070 2709 τριμήνων

235 2714 265 2774 Γ
264 2715 500 2791 αλακτοχρῶτας
525 2705 695 2787 κολλάβους
714 2705 861 2793 θερμούς.

151 2801 181 2860 et
200 2794 272 2859 illud
294 2795 364 2859 ibid.
386 2793 439 2858 IX.
460 2816 489 2882 p.
512 2793 577 2860 408
597 2792 642 2858 E:

134 2887 137 2893 ’
234 2882 299 2943 Καὶ
322 2878 360 2961 δὴ
383 2875 610 2960 δεδειπνήκασιν
630 2876 663 2940 αἱ
683 2885 835 2960 γυναῖκες,
858 2875 928 2941 ἀλλ’
951 2875 1094 2963 ἀφαιρεῖν

227 2961 310 3048 Ὥρα
328 2962 408 3027 ’στιν
435 2961 495 3045 ἤδη
521 2961 577 3038 τὰς
602 2961 768 3046 τραπίζας,
797 2960 860 3026 εἶτα
888 2968 1113 3045 παρακορῆσαι,

226 3047 352 3112 Ἔπειτα
373 3047 452 3111 κατὰ
471 3053 582 3131 χειρῶν
596 3044 708 3131 ἑκάστῃ
730 3049 780 3111 καλ
800 3043 899 3133 μάρου
919 3071 948 3110 τι
970 3049 1088 3112 δοῦναι.

149 3134 218 3198 item
239 3133 311 3198 illud
333 3133 386 3196 Xl.
408 3154 436 3221 p.
458 3131 521 3198 485
541 3130 586 3213 B,
608 3132 735 3196 sirecte
755 3132 829 3197 haec
850 3131 979 3196 restituit
997 3130 1190 3197 Dindorlius:

233 3255 274 3266 -
295 3214 408 3281 Πάντα
427 3215 487 3301 γὰρ
509 3208 547 3298 ἦν
566 3215 638 3296 μετ’
662 3213 784 3302 ἀνδρῶν

232 3303 412 3387 Μειρακίαιν
433 3298 554 3365 πίνονθ’
578 3297 657 3383 ὁμοῦ
680 3299 711 3363 δ’
740 3345 792 3367 ...
819 3296 921 3364 άλλων

233 3388 376 3476 Γρρδίων
395 3382 572 3470 μεγάλαισιν
593 3385 675 3449 οἴνου
694 3386 842 3468 χαίροντα
862 3389 1036 3459 λεπασταῖς.

147 3470 182 3536 ln
205 3472 306 3536 eodem
328 3480 502 3557 argumento
523 3470 675 3534 tractando
696 3469 948 3557 antePhilyllium
971 3467 1081 3534 versati
1102 3472 1189 3533 eraut
1208 3464 1313 3555 tragini

146 3564 250 3645 poetae
270 3557 387 3645 plnres,
409 3564 440 3619 nt
459 3554 634 3644 Euripides,
654 3555 783 3619 fortasse
804 3553 1003 3639 Carcinus*)‚
1025 3552 1085 3617 alii.

148 3695 447 3706 ——-..-.-......-—

215 3776 239 3840 ‘l
259 3777 301 3828 Ex
319 3774 424 3828 cercini
441 3774 530 3827 sabula
546 3774 623 3844 petiti
638 3772 760 3827 videntur
775 3773 815 3827 illi
831 3789 936 3839 versus,
953 3771 1000 3841 qni
1015 3773 1140 3837 leguntur
1155 3768 1228 3840 apud
1242 3766 1314 3823 fln-

144 3844 324 3911 pocrationom
340 3861 366 3897 v.
383 3845 522 3913 Καρκίνος
536 3870 570 3880 -
586 3843 697 3900 Λυσίας
713 3840 744 3892 ἔν
761 3840 799 3907 τῷ
815 3835 885 3908 πρὸς
900 3831 1093 3909 Μνησίμαχάν
1109 3849 1194 3908 φησι·
1210 3836 1313 3891 Συνελ-

144 3914 224 3962 θεται
241 3909 271 3963 δὲ
289 3909 393 3968 τούτοις
409 3910 457 3961 καλ
472 3911 611 3979 Καρκίνος
628 3903 642 3963 ὃ
660 3903 772 3974 ποιητὴς
787 3902 890 3962 εἰπών·

249 3976 306 4029 Οὐκ
324 3969 398 4036 οἶνος
414 3975 552 4042 ἐξέστησε·
571 3972 618 4036 τάς
634 3971 688 4045 γάρ
707 3970 848 4046 ἐμφύτους

247 4042 353 4112 Ὀρθῶς
369 4048 505 4112 παγείσας
587 4047 675 4115 μένας
691 4046 805 4112 φρένας,

249 4111 346 4171 Οὐδεὶς
363 4110 470 4180 ἐπαίρει
486 4106 580 4179 καιρὸς
596 4107 805 4183 ἐξαμαρτάνειν.

144 4184 185 4235 Ita
201 4181 270 4237 enim
288 4180 401 4246 corrigo,
417 4182 497 4246 vulgo
515 4180 546 4231 ου
564 4183 654 4239 κεῖνος
669 4183 776 4249 legitur,
792 4178 912 4234 Valesius
929 4173 981 4229 νοῦ
997 4176 1089 4235 κεῖνος
1104 4170 1232 4239 ἐξέστησε
1247 4184 1312 4227 ωι-

142 4250 213 4303 iecit.
246 4250 320 4302 Haeo
342 4247 430 4301 nescio
454 4247 514 4316 quir
531 4248 564 4300 de
580 4249 695 4302 Hercule
717 4247 795 4315 dicit,
819 4263 897 4317 quem
918 4250 999 4310 negat
1020 4243 1082 4297 vino
1103 4242 1202 4297 ristun
1216 4241 1312 4307 Anca

142 4317 342 4387 compressisse:
374 4314 494 4385 surpioor
516 4320 605 4369 annin
629 4314 772 4369 Cuoinnm
796 4314 876 4370 simul
897 4319 991 4369 nubre
1011 4311 1126 4369 voluisse
1147 4306 1312 4379 Euripirln,
