2760 4792
138 216 205 285 278
274 198 278 205 ¹
522 207 927 279 COMMENTATIONES

142 383 233 453 Aliud
252 381 340 447 liuius
359 378 477 445 fabulae
498 378 697 466 fragmentum
718 377 791 441 satis
813 384 979 464 corruptum
999 374 1110 464 legitur
1124 375 1311 465 apuclAtlre·

141 490 246 535 naeum
266 467 321 531 lx.
341 488 370 552 p.
392 466 455 531 396
476 464 525 542 D,
558 465 608 528 ubi
630 462 837 550 grammaticus
859 461 896 525 cle
917 482 988 525 voce
1009 460 1188 544 γαλαθηνός
1208 460 1311 551 (lispu-

141 564 209 620 tans
229 550 358 617 Cratetis
380 570 492 635 quoque
512 550 603 614 utitur
624 546 775 635 exemploz
796 546 934 611 videntur
955 552 1050 611 autern
1070 546 1115 611 illi
1138 568 1245 613 versus
1265 548 1311 615 sio

58 699 62 708 .
142 635 367 724 redintegrandi
388 656 471 697 esse:

225 729 296 787 nov
316 720 371 800 μέν
392 717 449 801 γὰρ
471 713 544 798 ήμῖν
561 720 636 780 πᾶσι
657 715 806 778 παιδικῶν
824 710 901 796 ἀλις,

218 804 319 879 Ὅκως
339 827 394 888 περ
417 802 519 889 ἀρνῶν
540 801 603 865 ἔστι
624 805 810 885 γαλαθηνῶν
830 823 862 862 τε
883 799 935 863 καὶ

226 892 293 953 Χοί
312 913 362 951 ων.

142 974 259 1047 induxit
279 914 356 1038 einim
377 975 464 1059 poeta
482 967 631 1032 hominem
652 965 797 1051 quendam
816 965 934 1049 ionem,
960 966 1156 1055 voluptatibus
1179 969 1310 1037 libidini·

143 1063 254 1145 busque
275 1080 315 1122 ex
335 1077 416 1139 more
440 1053 537 1139 gentis
562 1051 700 1116 deditum.

227 1144 264 1208 In
284 1144 382 1207 Ferte
405 1137 511 1202 Crates
532 1136 574 1217 id,
596 1136 673 1221 quod
690 1135 803 1234 primus
825 1154 910 1199 orsus
932 1142 996 1200 erat
1017 1134 1169 1220 Cratinus,
1190 1146 1309 1207 secutus

144 1236 207 1310 est,
233 1236 266 1291 ut
291 1222 440 1291 felicitatis
466 1221 581 1309 priscae
607 1222 768 1306 imaginem
795 1220 949 1284 exhiberet
976 1210 1165 1287 laetissimam
1187 1223 1310 1311 eiusque

143 1311 361 1400 recuperandae
387 1328 468 1395 spero
498 1304 610 1369 faceret
637 1304 838 1370 certissimam.
880 1305 912 1368 A
932 1304 1021 1369 Feris
1043 1315 1137 1371 autem
1159 1310 1311 1398 inscripsit

145 1397 252 1464 Crates
274 1393 414 1472 fabulam,
435 1390 571 1476 quoniam
592 1390 673 1453 irsas
695 1389 805 1453 bestias
826 1387 977 1474 loquentes
998 1390 1116 1455 induxit
1135 1414 1198 1457 cum
1216 1394 1310 1459 honri·

144 1483 245 1546 nibus:
289 1484 353 1542 erat
383 1475 461 1539 enim
488 1474 562 1562 apurl
586 1411 716 1539 [lraecos
743 1473 823 1536 farma
849 1474 908 1539 late
935 1475 1069 1562 dispersa
1097 1484 1127 1541 et
1146 1477 1311 1567 diuulgata,

146 1565 314 1649 antiquitus,
336 1581 399 1624 cum
412 1560 582 1625 Saturnium
603 1559 676 1623 illud
697 1558 787 1621 fuerit
808 1578 922 1640 aevum,
943 1560 1043 1624 brutas
1065 1581 1177 1647 quoque
1198 1563 1311 1631 bestius

145 1659 241 1714 mente
263 1646 385 1732 quadam
407 1651 437 1709 et
456 1644 570 1707 ratione
591 1643 738 1731 praeditas
750 1642 845 1706 fuisse
863 1644 899 1707 ad
921 1643 1125 1731 hominumque
1136 1648 1312 1715 commercia

146 1741 176 1798 et
196 1729 434 1796 consuetudinem
459 1730 579 1816 propius
607 1728 782 1792 accessisse:
811 1728 908 1813 itaque
934 1729 1021 1793 etiam
1048 1731 1227 1797 abstinuisse
1254 1734 1312 1799 ho·

146 1819 239 1882 mines
262 1815 398 1880 carnibus
420 1813 542 1878 ferinisr
573 1812 641 1877 vide
663 1833 736 1897 quae
756 1811 844 1877 Plato
872 1814 1017 1897 antiquam
1039 1815 1119 1880 illam
1141 1818 1310 1883 memoriam

146 1912 262 1966 secutus
288 1901 320 1963 in
341 1898 467 1962 Politice
488 1920 519 2006 p.
540 1900 603 1963 272
624 1895 662 1960 B.
684 1897 817 1961 disserit:
850 1899 889 1959 Ei
908 1900 964 1977 μὲν
992 1900 1094 1962 τοίνυν
1115 1900 1144 1964 οἳ
1164 1898 1220 1985 τρό
1247 1926 1309 1971 ιιιαι

146 1992 200 2051 τοῦ
224 1982 363 2066 Κρόνου,
395 2006 554 2065 παρουσης
576 1980 680 2055 αὐτοῖς
707 1977 787 2043 οὕτω
808 1986 923 2061 πολλῆς
943 1988 1056 2063 σχολῆς
1082 1987 1132 2047 καὶ
1155 1986 1310 2069 όσναμειος

146 2070 223 2154 πρὸς
241 2069 277 2134 τὸ
298 2066 341 2149 μὴ
362 2064 457 2146 μόνον
478 2060 671 2149 ἀνθρώποις,
699 2063 777 2125 ἀλλά
799 2068 848 2127 καὶ
869 2069 993 2149 θηρίοις
1020 2066 1073 2131 ἀιά
1096 2068 1195 2153 λόγων
1217 2070 1311 2138 δόνα-

146 2160 225 2221 σθαι
253 2152 466 2236 συγγίγνεσθαι
473 2194 483 2224 ,
510 2153 699 2231 κατεχρῶντο
725 2147 845 2224 τοότοις
871 2148 1027 2230 σι’·μνιασιν
1052 2154 1101 2218 ἐπὶ
1123 2158 1312 2245 φιλοσοφίαν

146 2233 223 2321 μετά
250 2261 282 2301 τε
308 2236 427 2317 θηρίων
459 2233 510 2294 καὶ
536 2230 604 2313 μετ’
635 2228 774 2313 ἀλλήλοιν
802 2230 975 2313 ὁμιλοῦντες
1007 2240 1058 2301 καὶ
1085 2238 1311 2323 πυνθανόμενοι

146 2320 232 2403 παρὰ
258 2314 359 2399 πόσης
387 2313 506 2404 φόσεως
526 2316 558 2379 εἷ’
577 2311 646 2380 τινά
671 2340 717 2393 τις
744 2318 825 2381 totae
846 2316 976 2401 δύναμιν
1001 2321 1114 2405 ἔχουσα
1139 2322 1257 2410 ᾔσθετό
1281 2350 1311 2391 τι

147 2406 297 2491 διάφορσν
318 2407 380 2466 τῶν
401 2400 502 2464 ἀλλων
527 2402 569 2475 είς
589 2400 784 2487 σσναγνρμὸν
804 2405 993 2488 φρονήσεως,
1023 2404 1161 2493 εάκριτον
1180 2408 1228 2476 ὅτι
1249 2416 1311 2477 τῶν

146 2496 201 2556 νῦν
222 2491 251 2554 oi
271 2484 338 2553 τότε
363 2487 464 2574 μυρίῳ
491 2485 567 2571 πρὸς
595 2484 788 2567 εὐδαιμονίαν
809 2488 962 2574 ιλιίφερον·
990 2494 1017 2555 εἰ
1038 2494 1071 2555 cle*
1091 2492 1311 2577 ἐμπιπλάμεναι

147 2577 239 2641 σίτων
271 2571 349 2653 llum
376 2575 427 2635 καλ
455 2576 573 2647 ποτῶν,
616 2572 827 2656 διελέγοντο
856 2574 949 2661 πρὸς
975 2574 1166 2657 ἀλλήλους
1193 2584 1245 2645 καὶ
1272 2580 1311 2646 tri

148 2659 270 2741 θηρία
290 2651 450 2739 μόθονς,
480 2650 554 2718 οἷοι
578 2654 703 2733 δήκαὶ
731 2663 847 2720 τανῦν
875 2662 958 2743 περὶ
980 2659 1104 2726 αάτῶν
1123 2664 1311 2747 λέγονται.

147 2743 184 2808 ln
211 2744 268 2805 hac
296 2748 409 2821 autem,
438 2761 522 2824 quam
544 2736 651 2803 Crates
673 2746 906 2827 repraesentavit
934 2746 1081 2833 imagine,
1109 2748 1311 2836 largissimam

148 2827 320 2893 facetiarum
346 2833 387 2889 et*
404 2823 561 2887 hilaritatis
587 2823 681 2887 fuisse
708 2826 858 2890 materiam
889 2830 977 2895 facile
1003 2831 1124 2916 quilibet
1154 2834 1311 2921 inelligit:

148 2930 360 3002 possumusque
394 2910 480 2971 etiam
512 2929 590 2970 nunc
621 2929 660 2971 ex
688 2911 787 2997 paucis
815 2911 884 2976 licet
919 2914 1095 3001 fragmentis
1125 2918 1164 2982 ali
1184 2926 1310 2985 uatenus

150 3016 350 3083 cognoscere,
392 3013 449 3077 qua
473 2994 587 3056 ratione
613 3002 699 3079 poeta
720 2996 752 3059 in
776 2995 832 3059 hoc
853 3005 1027 3084 argumento
1048 2938 1199 3067 tractanfo
1219 3004 1312 3070 fuerit

148 3087 294 3145 versatus.
342 3076 383 3141 Et
414 3076 450 3140 ad
482 3077 650 3140 felicitatem
683 3079 764 3143 illam
798 3082 945 3167 pertinent
972 3084 1028 3149 duo
1064 3086 1219 3170 versiculi,
1254 3089 1311 3239 qul

150 3166 290 3252 leguntur
323 3162 399 3250 apucl
435 3160 697 3249 llarpocrationem
730 3187 758 3251 p.
786 3164 848 3228 143
877 3172 906 3230 et
930 3168 1068 3234 Plotium
1095 3191 1123 3259 p.
1144 3174 1227 3254 399,
1279 3176 1311 3239 is

150 3248 330 3332 Παρουσία·
353 3245 418 3321 ἀντὶ
439 3253 494 3309 τοῦ
515 3248 673 3329 περιουσία
693 3244 807 3329 ήαίτία
828 3251 962 3315 πλοότου
975 3252 1075 3319 οὐσία.
1102 3256 1312 3341 Δημοσθένης

151 3335 182 3397 ἓν
210 3338 252 3418 τῷ
280 3333 347 3409 περὶ
373 3327 541 3407 συντάξεως
571 3334 622 3395 καὶ
649 3332 817 3420 Δείναρχος
843 3337 875 3400 ἐν
900 3343 944 3426 τῷ
970 3336 1046 3425 ὑπὲρ
1076 3343 1131 3423 τῆς
1156 3340 1229 3419 νεὼς
1260 3344 1312 3408 καλ

151 3415 278 3504 Κράτης
302 3417 445 3498 Θηρίοις·

228 3498 373 3581 Ἔχοντες
394 3498 516 3580 εάιιαθῆ
537 3499 607 3578 βίον

235 3586 419 3668 Παροιισιάν
439 3608 471 3646 τε
489 3579 667 3664 χρημάτων,

151 3670 242 3736 Aliud
270 3670 390 3755 insigne
421 3668 620 3754 fragmentum
649 3668 735 3733 huius
761 3670 894 3756 fabulae,
936 3674 990 3741 sed
1022 3676 1096 3741 satis
1121 3677 1159 3743 tle
1177 3684 1313 3747 nmium

152 3755 263 3842 legitur
284 3754 359 3842 apucl
380 3752 530 3816 Pollucem
551 3751 604 3820 Vl.
625 3755 680 3819 53:
696 3752 787 3818 Ἔστι
809 3758 843 3820 δὲ
863 3761 913 3821 καὶ
934 3762 1111 3843 χαστρίιλιον
1129 3698 1311 3845 alconem,

154 3837 170 3902 ό
192 3842 242 3901 καὶ
262 3838 400 3911 τάκιονας
421 3836 493 3900 ἔίιιοι
515 3842 681 3918 κεκλῆσθαι
708 3838 822 3904 οἴονται
848 3844 933 3926 παρὰ
955 3844 1094 3930 Κράτητι
1122 3854 1166 3933 τῷ
1186 3854 1312 3939 καηιικῷ

28 3981 31 3987 ,
152 3918 236 4006 μόνῳ
263 3926 313 3986 καὶ
340 3920 422 3997 ἀνταξ
443 3918 573 4002 εἰρηκότι
595 3926 626 3985 ἐν
649 3924 790 4007 Θηρίοις·
836 3927 902 3991 Oris
923 3926 975 4014 ἀρ’
999 3932 1081 3995 ἐστίν
1101 3932 1191 3997 σάἀίν
1210 3934 1319 4021 ιιρίιις,Ι

153 4004 195 4082 ὡς
215 4006 299 4086 ὑμεῖς
320 4006 421 4089 λίχετ’,
444 4005 512 4070 ooo'
536 4002 583 4069 ότι
604 4005 750 4089 ἐδόμεθα,
772 4007 843 4075 οὐδὲ
863 4010 1001 4090 τάκωνας
1021 4012 1217 4099 ποιησόμεθα
1238 4016 1311 4085 οὐδ’

154 4088 320 4168 ἀλλάντας·
343 4092 371 4155 oi
393 4091 426 4154 tt
448 4090 562 4155 οἴονται
583 4092 656 4168 τοὺς
675 4090 813 4170 τάκιονας
833 4097 867 4161 fx
887 4096 1017 4182 ταγήνου
1038 4100 1130 4186 κρίας
1149 4105 1200 4167 καί
1221 4103 1314 4169 στέα-

153 4199 206 4252 τος
231 4175 361 4260 τροχοάς
385 4174 442 4241 σόν
469 4178 539 4239 αλσλ
567 4179 617 4239 καλ
643 4181 747 4263 ξηροῖς
778 4176 934 4263 ήάόσμασι
960 4184 1115 4263 κοαίντας.
1167 4186 1313 4276 Equidem

156 4261 304 4325 tlratetem
324 4262 366 4326 ita
387 4261 543 4349 scripsisse
564 4263 715 4327 existimo:
