2768 4770
330 215 389 283 DE
410 215 553 293 nnuc.
576 213 764 285 COMOED.
783 214 890 284 ΑΤΤ.
910 215 1056 294 ANTIO.
1211 223 1276 289 313

103 448 107 457 ,
185 383 267 450 ’οδ
305 409 341 448 ου
368 409 428 471 γαρ
449 382 609 467 ηττίκιζεν,
635 374 804 464 ὦΜοίραι
825 386 923 471 φίλαι,

187 468 260 537 Ἀλλ
297 465 386 534 ὁπότε
406 469 462 551 μὲν
480 470 567 553 χρείη
590 466 747 555 διῃτώμην
767 469 870 553 λίγειν,

184 552 330 639 Ἔφασκε
363 550 525 636 δησαίμην·
557 550 700 631 dudced’
724 557 816 620 εἰπεῖν
836 556 901 620 δίοι

106 678 112 711 ,-
190 638 324 724 Ὀλίγον,
348 637 430 703 ὂλίον
452 637 557 716 ἔλεξεν.

100 718 153 793 lta
174 725 249 789 baec
271 726 404 812 corrigo:
447 724 500 789 sed
522 745 583 788 non
603 745 677 811 opus
703 731 816 807 estut,
846 725 1086 811 quemadmodum
1107 729 1279 795 Meinekius

103 810 218 891 uoluit,
240 800 265 874 ὦ
285 813 418 874 Μοῦσαι
440 811 528 892 φιλυι
548 811 708 874 scribatur:
736 809 843 874 Graeci
865 812 943 875 enim
966 818 997 875 ut
1018 812 1078 876 alia
1097 815 1163 879 sere
1183 817 1283 880 omnia

104 896 240 977 numina,
257 895 303 994 ita
323 896 411 958 ctiam
423 894 535 958 Parcas
556 895 695 959 inuocare
716 895 796 958 soliti
818 903 912 978 erant,
934 898 977 961 uti
998 904 1045 961 est
1065 900 1142 988 apud
1162 898 1281 965 Aristo·

104 981 236 1128 phallfg
251 977 531 1148 ίίδτδιίδίίείπλίίίίδδὲ
550 1000 584 1127 dl
599 982 811 1150 blloh‘pxopm
871 1115 874 1123 .

195 1149 339 1231 Νίοχμον
361 1139 518 1231 αδτίρας.
602 1173 615 1179 ·’
641 1172 645 1179 ·

106 1235 157 1302 Ita
178 1233 399 1322 corrigendum:
420 1234 549 1321 Longus
569 1233 719 1300 Pastorul.
738 1233 791 1302 lv.
812 1255 841 1322 p.
864 1234 926 1300 119
948 1234 994 1300 ed.
1008 1233 1171 1304 Villoison:
1189 1234 1234 1301 ‘H
1249 1238 1283 1302 δέ

107 1312 224 1391 ίδοῦσα
242 1320 321 1402 μέγα
342 1321 392 1381 καί
414 1316 492 1400 odra}
513 1324 590 1406 βοᾷ·
616 1320 710 1382 Φιλαι
732 1322 870 1404 Μοῖραι·
894 1318 930 1384 οδ
951 1327 1051 1384 ταῦτα
1072 1319 1284 1404 συνιθῆκαμιν

108 1406 180 1491 ῑδίῳ
207 1405 302 1469 παιδί.
344 1402 406 1467 lam
428 1402 633 1491 Hyperbolum
663 1411 784 1492 propter
811 1405 887 1479 hanc
918 1406 1109 1493 peregrinam
1136 1407 1180 1471 ori
1205 1409 1283 1473 'nem

109 1488 307 1556 Maricantem
329 1486 487 1575 appellavit
507 1489 539 1552 in
561 1489 736 1575 cognomine
757 1489 869 1570 sabula,
890 1489 921 1554 id
943 1490 1020 1574 quod
1041 1491 1167 1557 dilucide
1216 1513 1286 1578 esy-

110 1576 196 1645 chius
218 1574 314 1639 docet:
337 1577 503 1652 Μαρικᾶν·
524 1573 674 1636 κίναιδον·
698 1574 726 1636 οἶ
748 1573 781 1636 δὲ
802 1570 996 1655 ὑποκόρισμα
1018 1578 1141 1639 παιδίου
1157 1574 1284 1663 ι’ίρρενος

108 1654 314 1747 βαρβαρικόν.
342 1656 565 1724 etEustathius
592 1657 629 1721 ad
654 1657 739 1722 Iliad.
760 1657 800 1721 ll.
821 1681 850 1746 p.
873 1661 950 1723 300:
979 1655 1017 1722 ‘O
1038 1661 1073 1724 δὲ
1094 1658 1286 1746 Ἡρωδιανὸς

109 1795 155 1814 -
176 1759 231 1824 τὸν
250 1758 334 1843 παρὰ
354 1763 398 1845 τῷ
420 1763 542 1842 κωμικῷ
565 1762 715 1841 Μαρικᾶν
735 1756 770 1821 τὸ
792 1756 954 1844 βάρβαρον
975 1756 1073 1841 ὄνομα
1099 1750 1286 1829 dccl-'corifi

111 1851 259 1927 κλιθῆναι
279 1844 370 1926 λέγει,
392 1842 581 1927 παραφέρων
600 1848 711 1925 χρῆσιν
732 1839 892 1924 τοιαύτην·
1186 1858 1190 1879 ²

137 1957 140 1963 ·
194 1927 273 1994 Ἀλλ’
298 1921 352 1993 οὖν
372 1927 467 2011 ἔγωγέ
486 1952 534 1992 σοι
560 1926 637 2009 λέγω
658 1929 849 2011 Μαρικᾶντα
870 1926 914 2009 μὴ
935 1922 1081 2005 κολάζειν.

112 2014 321 2104 Hyperbolum
341 2020 437 2079 autem
458 2034 519 2077 non
538 2013 633 2079 luisse
655 2033 828 2098 germanum
839 2009 967 2077 Atticum
989 2012 1062 2078 illud
1082 2033 1196 2099 qnoque
1217 2035 1288 2080 con·

113 2102 235 2168 firmare
254 2100 386 2179 videtur,
408 2097 485 2182 quod
505 2096 562 2161 luit
582 2118 622 2161 ex
642 2097 887 2162 Peritboedarum
909 2118 1007 2186 pago,
1027 2097 1087 2163 vid.
1107 2099 1288 2164 Plutarchus

113 2186 168 2251 vic
189 2182 336 2249 Alcibiad.
364 2200 389 2248 c.
412 2184 472 2249 13:
505 2174 570 2246 Ἦν
596 2182 633 2246 dd
661 2207 713 2258 τις
729 2178 925 2263 Ὑπέρβολος
949 2184 1142 2266 Περιθοίδης
1173 2189 1203 2249 et
1234 2186 1288 2251 vic

113 2271 221 2339 Niciae
242 2291 267 2334 ο.
277 2270 327 2334 11:
349 2269 382 2333 in
401 2268 484 2332 illum
505 2275 602 2332 autem
622 2288 731 2355 pagum
752 2267 870 2355 plurimi
885 2268 1039 2356 peregrini
1060 2269 1287 2358 recipiebantur,

77 2365 81 2371 ’
114 2356 176 2423 vid.
198 2354 323 2419 Photius
349 2375 378 2442 p.
400 2352 474 2433 417,
496 2354 552 2418 13:
580 2355 783 2436 Περιθοῖδαι·
805 2355 904 2434 δῆμος
924 2358 980 2434 τῆς
1004 2355 1148 2435 οῗνηίδος
1165 2359 1286 2463 φυλῆς·

114 2438 179 2507 dub
201 2440 343 2523 Περίθου
370 2443 426 2503 τοῦ
444 2436 578 2514 Ἰξίονος·
622 2437 716 2515 νόμος
742 2435 773 2499 δ’
796 2429 999 2517 ἦνἈθήνησι
1028 2438 1131 2515 ξένους
1158 2439 1288 2521 εισδίχε-

116 2531 197 2593 σθαι
227 2522 302 2599 τοὺς
337 2523 543 2604 βουλομένους
571 2525 633 2585 τῶν
654 2517 824 2601 Ἑλλήνων·
855 2523 1023 2585 ,Θεσσαλοί
1052 2524 1085 2585 δὲ
1104 2561 1108 2571 ·
1128 2525 1288 2608 ἐξαιρέτως

116 2608 299 2690 δπεδίχοντο
328 2607 380 2672 διδ
405 2606 462 2690 τὴν
483 2607 626 2688 Περίθου
653 2608 705 2669 καὶ
736 2605 863 2688 Θηοίως
890 2607 1076 2692 φιλοξενίαν·
1108 2605 1230 2684 τούτοις
1258 2609 1292 2673 δὲ

118 2696 172 2763 καὶ
199 2691 306 2779 χώραν
340 2693 497 2782 ίμίρισαν,
529 2692 568 2775 ἣν
598 2685 744 2756 ἐκάλεσαν
767 2693 971 2778 Περιθοίδας.
1007 2690 1149 2779 Ἔφορος
1177 2693 1297 2778 ἱστορεῖ

118 2782 152 2848 ἓν
172 2779 211 2866 ί·
507 2807 537 2865 ν
808 2782 811 2787 ’
897 2839 901 2847 ·
1041 2779 1056 2837 Γ
1177 2804 1179 2811 ·
1290 2812 1296 2833 -·

205 2864 269 2929 Iam
294 2862 396 2928 matris
423 2861 592 2950 Hyperboli
621 2882 729 2927 nomen
756 2861 842 2926 Doco
870 2864 934 2926 sive
962 2862 1107 2928 Graecum
1139 2863 1198 2927 luit·
1228 2863 1294 2927 sive

118 2950 295 3030 barbarum,
317 2949 353 3012 ab
370 2947 533 3048 Hermippo
555 2953 633 3012 certe
654 2948 687 3024 in
707 2946 764 3011 hac
784 2946 901 3028 fabula:
927 2968 1012 3032 quam
1034 2971 1053 3012 a
1072 2949 1163 3012 choro
1183 2948 1293 3011 Pistri-

120 3057 171 3100 ces
193 3034 359 3121 inscripsit,
385 3033 428 3097 ita
447 3032 781 3113 furttransformatum,
809 3039 842 3095 ut
861 3053 984 3120 prorsus
1010 3033 1166 3096 barbarum
1190 3034 1219 3096 et
1241 3033 1292 3097 ad·

118 3119 279 3185 venticium
299 3118 463 3182 videretur:
493 3118 593 3204 arguit
613 3118 669 3181 hoc
690 3116 838 3202 Hesycbii
864 3117 968 3203 glossa
988 3118 1121 3201 quamvis
1142 3122 1293 3205 corrupta:

119 3207 249 3273 Λοκικῶ
274 3203 353 3286 (cod.
373 3201 452 3271 Ven.
469 3204 608 3285 δοκηκῶ)
636 3200 703 3265 c'rrcl
730 3207 785 3266 τοῦ
814 3203 912 3265 δοκῶ·
939 3199 1041 3276 ἔπαιξε
1068 3201 1101 3265 δὲ
1121 3199 1294 3284 Ἕρμιππος

120 3293 155 3359 ἐν
171 3285 399 3371 Ἆρτοπώλισιν.
437 3285 473 3351 si
494 3309 584 3375 supra
603 3293 685 3350 recte
706 3309 724 3350 a
745 3308 792 3351 me
813 3287 979 3350 restitutum
1000 3293 1046 3350 est
1065 3286 1200 3351 scholion
1219 3287 1293 3352 illud

120 3377 156 3442 in
173 3374 420 3463 Aristophanem,
442 3372 518 3456 quod
540 3372 591 3437 vix
612 3373 763 3456 qumquam
785 3370 983 3452 addubitabit,
1004 3371 1093 3436 facile
1115 3372 1203 3436 etiam
1225 3393 1299 3438 con-

121 3460 213 3527 cedes
239 3460 315 3523 hauc
343 3457 474 3544 glossam
501 3458 543 3521 ita
572 3456 778 3542 corrigendam
805 3478 887 3520 esse:
929 3451 1102 3521 Δοκικώ·
1144 3454 1210 3520 ἀντὶ
1238 3462 1296 3521 τοῦ

120 3539 239 3613 Aona·
259 3541 362 3618 ἔπαιξε
384 3542 417 3607 δὲ
431 3539 603 3623 Ἕρμιππος
624 3543 657 3606 ἐν
672 3539 898 3625 Ἀρτοπώλιοιν.
919 3563 988 3605 nam
1011 3549 1126 3606 veteres
1172 3564 1298 3607 ramma-

120 3632 200 3697 tioos
228 3635 308 3693 corte
333 3648 395 3691 non
425 3647 526 3691 omnes
553 3626 654 3707 latuit,
681 3647 737 3712 quo
758 3628 877 3691 nomine
904 3627 1050 3715 appellata
1070 3628 1110 3691 sit
1162 3627 1298 3716 yperboli

121 3723 234 3783 mater:
248 3768 251 3773 .
264 3713 392 3777 nominis
419 3717 515 3777 autem
533 3712 682 3788 ,memoria
700 3712 829 3776 tortasse
876 3719 1012 3799 ropterea
1034 3713 1162 3777 maxime
1183 3712 1307 3777 oblitte·'

122 3808 193 3869 rata
213 3797 285 3879 suit,
307 3798 443 3882 quoniam
466 3795 644 3884 Hermippus
665 3797 697 3859 in
718 3795 774 3860 hac
795 3733 980 3861 nobdissima
1000 3797 1116 3878 fabula,
1143 3818 1218 3882 quae
1237 3802 1300 3862 tots

122 3887 160 3955 in
180 3883 213 3949 Η
253 3882 356 3947 ·rbolo
376 3883 498 3967 eiusque
519 3890 612 3949 matre
632 3881 815 3968 exagitanda
836 3881 1026 3963 versabatur,
1053 3890 1186 3947 tortuosa
1205 3883 1300 3947 nomi·

124 3972 176 4037 nis
214 3988 389 4033 ornarem
415 3967 640 4031 obscuraverat:
683 3974 797 4031 ceteros
824 3972 921 4031 autem
946 3969 1071 4031 comicos
1099 3974 1217 4056 poetas,
1250 3968 1299 4054 qui

124 4056 209 4122 illius
236 4051 367 4117 mulieris
394 4052 571 4123 mentionem
595 4051 777 4133 iniecerunt,
801 4051 971 4152 ‘probabile
1004 4060 1050 4116 est
1078 4075 1183 4117 nomen
1213 4053 1300 4141 plane

124 4139 299 4208 reticuisse:
342 4157 513 4221 quamquam
534 4136 753 4236 Aristophanes
779 4136 912 4224 qmdem,
942 4144 975 4202 ut
999 4138 1073 4203 milri
1103 4138 1234 4221 videtur,
1267 4137 1300 4201 iu

125 4226 265 4294 Thermo
285 4221 504 4286 horiacusarum
525 4232 616 4287 versu
636 4221 704 4287 rllo:

211 4244 297 4386 Ἀξίδι
308 4311 391 4391 γοῦν
410 4308 438 4371 ιλ
457 4302 778 4387 τόκου,“τικοῦσα
797 4308 940 4372 τοιοῦτον
958 4303 1082 4393 τόκον.
