2760 4792
122 220 188 290 202
511 216 914 290 COMMENTATIONES

205 386 315 471 Κόμολ
334 382 395 475 γόρ
414 387 497 454 ἔστιν
516 387 651 471 ἀμπέλια
671 391 858 472 κεκομμένα·

201 473 297 558 Ἀτάρ
303 521 312 552 ,
335 479 418 559 φίλοι
440 474 499 560 γὰρ
522 475 551 539 oi
572 471 719 559 παρόντες
740 477 771 539 ἐν
793 473 884 564 λόγῳ,

208 563 252 623 Τί
269 562 369 623 ταότα
389 559 463 634 τοὺς
482 557 639 634 Λάκωνας
661 557 848 640 αῖτιοόμεθαε

57 660 60 665 ’
120 649 152 708 st
175 645 219 709 sic
244 665 334 732 porro
360 645 505 791 originem
532 646 725 709 calamitatum
751 666 812 708 non
834 666 852 708 a
873 642 1138 725 Lacedaemoniis,
1169 643 1224 710 soll
1250 644 1287 711 sl

118 728 260 819 improbis
281 730 327 792 rei
346 729 480 816 pubicae
500 731 663 793 rectoribus
679 730 867 818 repetendam
889 750 957 793 esse
977 729 1135 793 contendit.

204 817 350 900 Ργτὶαοπ
363 812 503 878 Cratinus
526 813 639 895 docuit,
661 814 691 878 id
709 815 785 898 quod
807 814 982 913 supradixi
1001 814 1034 876 in
1055 812 1178 877 exordio
1198 810 1287 879 huius

120 899 235 988 capitis,
257 906 289 961 ut
308 899 425 982 iniquas
446 899 663 963 criminationes
685 899 777 986 uulgo
799 901 856 963 sim
878 897 1019 962 conflatas
1041 897 1169 962 dilueret
1188 905 1288 963 οολοο-

120 984 279 1068 deretque,
300 991 438 1068 quantum
460 983 508 1046 vel
528 984 560 1046 in
582 990 732 1048 senectute
753 983 866 1048 valeret
886 983 1018 1070 ingenio.
1047 981 1168 1046 Eximio
1190 990 1286 1047 autom

117 1068 174 1132 hoc
195 1068 366 1132 documento
388 1068 536 1153 ingenuus
557 1077 660 1153 poetae
681 1069 796 1132 animus
817 1069 998 1149 illustratur,
1026 1068 1075 1152 qui
1097 1087 1172 1152 quac
1198 1067 1232 1131 in
1252 1086 1286 1131 τε

117 1153 253 1218 inessent
263 1152 335 1215 vitia
355 1151 449 1215 libere
470 1152 657 1239 profiteretur
677 1173 733 1216 nec
754 1155 888 1241 specioso
908 1151 1006 1237 aliquo
1026 1152 1145 1217 nomine
1166 1151 1285 1217 celaret.

116 1236 245 1303 Praeter
265 1243 379 1300 ceteros
401 1242 497 1298 autem
524 1236 605 1300 illum
633 1236 826 1301 lacessiverat
845 1237 1078 1324 Aristophanes,
1100 1237 1150 1322 qui
1170 1236 1285 1301 iuveni·

116 1321 185 1386 liter
197 1321 334 1386 exultans
345 1321 586 1407 superbiensqne,
608 1322 683 1406 qnod
695 1324 759 1423 ipse
771 1324 829 1388 sibi
842 1323 990 1386 videretur
1010 1322 1168 1408 ingeniose
1180 1320 1286 1385 inven-

116 1407 156 1470 tis
182 1406 321 1470 comicam
350 1414 441 1467 artem
467 1407 604 1486 auxisse,
634 1404 788 1472 Cratinum
814 1409 872 1471 iam
900 1416 1103 1471 senescentem
1129 1405 1285 1470 contemsit

114 1510 280 1638 magnappe
309 1489 485 1589 procacitate
517 1490 621 1555 irrisit.
657 1492 703 1555 lta
731 1492 762 1555 in
789 1491 1034 1557 Acharnensibns
1063 1509 1090 1555 v.
1112 1488 1196 1571 848,
1222 1510 1283 1555 nou

113 1573 208 1639 solum
247 1573 421 1637 ‘hidrnosam
449 1574 537 1658 vitam
564 1577 629 1639 eius
655 1578 805 1664 exagitat,
832 1577 886 1640 sed
915 1575 1040 1640 erundem
1068 1576 1156 1639 etiarn
1181 1594 1283 1663 repro·

112 1659 230 1739 hendit,
252 1658 329 1742 quod
350 1658 441 1722 nimia
460 1659 647 1746 negligentia
669 1669 699 1725 et
719 1662 910 1726 festinatione
930 1659 1045 1725 fabulas
1067 1666 1240 1749 componat:

202 1742 282 1807 Οὐδ’
306 1742 439 1823 ἐντυχὼν
459 1745 490 1807 ἓν
511 1744 629 1834 τάγορᾷ
650 1742 790 1830 πρόσεισί
808 1770 857 1810 σοι
878 1747 1012 1824 βαδίζων

197 1831 355 1908 Κρατῖνος
375 1828 420 1890 ἀεί
443 1830 627 1911 κεκαρμένος
645 1831 755 1914 μοιχὸν
773 1837 832 1922 μιᾷ
852 1831 1001 1919 μαχαίρη,

190 1908 230 1978 Ὁ
251 1911 452 1996 περιπόνηρος
466 1912 630 1996 Ἀρτέμων,

190 1993 229 2061 ‘O
250 1998 345 2080 ταγός
364 1997 443 2079 όγαν
463 1999 519 2078 τὴν
536 1994 696 2080 μουσικήν,

188 2079 289 2160 ’Ὀζων
308 2081 402 2146 κακὸν
422 2087 484 2145 τῶν
506 2088 676 2165 μασχαλῶν

193 2165 324 2249 Πατρός
344 2166 498 2249 τραγασαί
534 2211 544 2228 .

109 2272 179 2315 nam
200 2272 274 2335 quae
296 2271 422 2337 graecus
450 2251 597 2337 interpres
619 2249 656 2313 de
677 2249 781 2314 melico
803 2249 924 2335 quolam
946 2257 1034 2337 poeta
1055 2248 1180 2316 Cratino
1199 2270 1278 2317 com·

110 2342 226 2400 mentus
247 2341 309 2415 est,
336 2334 433 2397 iutilia
459 2354 581 2422 pmrsus
609 2342 693 2416 sunt,
725 2354 895 2418 quamquam
924 2334 1057 2400 homines
1084 2335 1161 2401 ducti
1189 2336 1277 2403 fidem

109 2420 284 2484 habuerunt.
305 2418 346 2482 Et
357 2439 461 2482 rursus
482 2414 572 2500 inira,
593 2419 645 2483 uhi
655 2418 862 2483 Antimachum
879 2420 1038 2506 choragum
1061 2420 1119 2485 sibi
1135 2420 1276 2487 infestum

168 2504 245 2569 viter
265 2511 372 2585 vexat,
415 2502 537 2568 ridicule
564 2512 594 2568 et
619 2512 739 2591 praeter
764 2505 1013 2593 exspectationem
1039 2504 1120 2569 illins
1146 2506 1223 2573 uum
1241 2507 1276 2573 in

137 2589 264 2654 ratinum
285 2589 446 2668 convertit,
469 2609 497 2652 v.
520 2588 618 2652 trote

193 2671 275 2736 Είτα
297 2671 599 2748 auctionatores
620 2668 747 2753 μεθύων
756 2677 810 2756 τῆς
831 2678 967 2760 κεφαλῆς
975 2670 1123 2760 Ὀρέστης

192 2752 408 2838 Μαινόμινος·
437 2756 453 2820 ὃ
475 2757 509 2820 δι’
529 2759 621 2820 λίθον
640 2761 747 2838 λαβεῖν

193 2839 386 2921 Βουλόμενος
408 2844 440 2906 ἔν
460 2839 561 2927 σκότῳ
582 2838 672 2923 λόβοι

193 2931 243 3012 Τῇ
262 2928 339 3010 χειρί
361 2927 492 2990 πέλεθον
512 2925 624 3012 ἀρτίως
644 2926 831 3008 κεχεσμένον.

187 3009 341 3100 Ἐπᾴξειεν
362 3009 392 3074 δ’
417 3009 495 3092 έχων

194 3096 259 3159 Τόν
278 3093 444 3179 μάρμαρον
449 3144 458 3173 ,
480 3091 608 3185 suimet&
632 3090 741 3181 ἆμαρ-

192 3181 266 3244 Τὼν
286 3178 377 3262 βάλοι
399 3184 564 3262 Κρατῖνον.

105 3265 156 3330 ubi
176 3266 277 3331 itidem
296 3274 411 3355 poetam
432 3264 596 3345 intellexit,
622 3283 708 3349 quem
730 3263 842 3328 ebrium
863 3271 894 3328 et
913 3265 1132 3330 comissatorem
1152 3273 1273 3333 noctur·

104 3351 152 3414 nis
205 3352 417 3431 cassatoribus,
445 3350 529 3435 quasi
556 3349 671 3413 Orestis
699 3350 888 3433 quibusdam,
920 3351 1053 3414 comitem
1080 3350 1217 3439 adiungit
1241 3358 1273 3417 ct

105 3435 142 3499 ab
201 3437 347 3500 ntimucho
372 3434 458 3499 laede
486 3432 636 3521 deturpari
664 3432 770 3520 lingit:
814 3433 867 3498 sed
896 3435 932 3498 alu
961 3435 1046 3499 huius
1075 3455 1188 3522 quoque
1212 3434 1272 3503 lom'

104 3520 252 3583 sententia
273 3540 394 3608 prorsus
416 3519 565 3583 aberravit
585 3515 761 3585 Scholiasta.
792 3515 909 3584 Cratini
929 3519 1114 3585 vinositutem
1134 3528 1165 3586 et
1185 3540 1272 3611 spur·

104 3604 200 3671 citiam
223 3624 326 3669 rursus
348 3605 447 3691 attigit
467 3605 499 3668 in
519 3602 675 3687 Equitibus
696 3624 724 3667 v.
745 3600 824 3667 loo:

187 3689 232 3753 Εί
248 3712 282 3753 σε
304 3688 347 3770 μὴ
368 3694 465 3769 μισῶ,
486 3689 626 3772 γενοίμην
647 3689 680 3751 έν
701 3689 857 3769 Κρατίνου
877 3683 998 3765 κιόδιον,

188 3775 254 3839 Καὶ
280 3775 482 3856 διδασκοίμην
502 3768 667 3858 προσᾴδειν
687 3774 857 3854 Μορσίμου
878 3773 1064 3859 τραγῳδίαν.

102 3867 134 3925 et
153 3860 186 3925 in
206 3860 344 3948 parabasi
367 3859 497 3924 eiusdem
518 3857 636 3924 salsulae
655 3878 685 3922 v.
707 3859 787 3939 526,
809 3859 866 3923 etsi
886 3858 1039 3944 ingenium
1060 3858 1125 3923 eins
1146 3858 1268 3925 summis

102 3945 239 4010 laudibus
268 3944 434 4035 praedicat,
464 3952 562 4008 muron
595 3945 653 4008 iam
680 3948 800 4032 torpere
828 3944 957 4029 vinoque
988 3944 1077 4008 nimis
1108 3942 1269 4031 indulgere

101 4029 269 4178 affimlllall
290 4111 321 4178 δ’
344 4108 430 4194 όμεῖς
450 4110 546 4176 auctr
566 4107 695 4195 ὁρῶντες
714 4109 946 4197 παραληροῦντ’
970 4110 1026 4175 οὐκ
1047 4113 1163 4191 ἐλεεῖτε,

180 4196 417 4262 Ἐκπιπτουσῶν
436 4202 498 4263 τῶν
517 4195 672 4281 ἠλέκτρων
692 4198 818 4261 καὶτοῦ
839 4194 930 4261 τόνου
952 4194 1056 4262 trial?
1079 4193 1209 4275 ἐνόντος.

186 4288 261 4350 Τῶν
280 4282 317 4347 θ’
341 4278 495 4369 ἁρμονιῶν
516 4283 763 4365 διαχασκουσῶν·
785 4280 865 4349 tutu
883 4281 980 4369 γίρων
1000 4279 1046 4347 (δν
1064 4282 1222 4370 περιέρρει,
