2760 4792
353 230 413 296 DE
434 230 578 307 numu.
600 230 915 301 confflem.
936 234 1080 310 mle.
1258 242 1300 304 37

121 395 548 550 Νςοάίὶἀὲἰάεόόίούῶύαάἀάἀω
568 398 823 550 ttiaaliriittttiteiiit’
836 422 925 551 ffl}
939 401 1298 555 itlipttiittitltissiffl

121 506 293 649 utpvidetur,
314 569 419 633 ritibus
440 577 471 634 et
491 534 724 635 soiemnitntibus
745 572 808 635 usi:
843 592 911 635 nam
925 508 964 635 get
984 525 1015 634 iu
1037 572 1146 637 Delum
1168 512 1295 638 insitii}

120 655 208 719 chori
234 655 423 718 mittebantur
453 654 555 719 sedule
576 655 672 718 edocti
699 662 728 719 et
755 656 881 742 egregie
908 655 1030 736 detecti,
1072 657 1132 720 vicl.
1157 657 1294 746 Xenopb.

119 737 530 820 Memorabil.lss.3,12:
575 731 620 802 Ἦ
644 734 713 802 τόδε
742 742 798 804 οὐκ
826 736 1047 821 ἐντεθύμησαι,
1086 736 1128 816 ῶς
1161 739 1236 805 ὅταν
1261 767 1294 826 γε

118 821 216 908 χορδς
240 818 282 898 εἷς
309 823 343 887 ἐκ
368 827 424 904 τῆς
444 819 560 907 πόλεως
584 823 736 905 γίγνηται,
774 821 875 909 ῶσπερ
898 821 914 887 ό
937 827 978 897 εἰς
1004 826 1112 906 Δῆλον
1138 822 1295 908 πεμπόμε-

118 933 189 985 νος,
223 907 322 983 οὐδεὶς
348 906 480 973 ἀλλοθεν
507 905 684 988 οὐδαμόθεν
709 904 810 994 τοῦτῳ
842 904 1011 991 ἐφάμιλλος
1036 911 1182 992 γίγνεται,
1222 911 1295 975 οὐδὲ

118 991 266 1076 εὐανδρία
299 995 331 1057 ἒν
362 991 440 1078 ἀλλῃ
473 988 557 1056 πόλει
590 987 681 1072 ὁμοία
714 998 753 1078 τῇ
780 988 893 1058 ἐνθάδε
920 990 1091 1074 συνάγεται.
1139 993 1292 1061 Plutarch.

117 1078 173 1143 vit
192 1077 297 1142 Niciae
319 1100 344 1142 c.
365 1081 402 1143 3:
456 1082 529 1140 Τῶν
557 1076 617 1160 γάρ
640 1083 759 1163 χορῶν,
804 1076 858 1153 οῦς
885 1077 917 1141 αἱ
939 1074 1040 1153 πόλεις
1061 1077 1194 1159 έπεμπον
1217 1080 1293 1167 ᾀσο-

115 1161 229 1245 μένους
248 1167 292 1249 τῷ
312 1167 394 1248 θεῷ,
431 1158 663 1247 προσπλεόντων
687 1163 759 1243 με’ν,
796 1158 851 1239 ῶς
867 1160 985 1244 ἔτυχεν,
1023 1160 1119 1238 εὐθύς
1140 1163 1173 1226 δ’
1198 1161 1291 1245 όχλσυ

116 1245 196 1335 πρδς
215 1246 271 1329 τήν
291 1251 367 1311 ναῦν
387 1244 598 1325 ἀπαντῶντος,
620 1244 704 1335 ᾅδειν
724 1246 926 1329 κελευομένων
947 1246 1018 1311 κατ’
1043 1246 1154 1311 οὐδένα
1176 1246 1292 1329 κόσμον

116 1367 162 1382 -
189 1329 282 1407 αὐτὸς
306 1331 363 1414 μὲν
395 1335 437 1410 εἷς
459 1327 596 1415 Ῥηνείαν
624 1330 724 1415 ἀπέβη
751 1331 804 1396 τὸν
829 1331 923 1418 χορόν
949 1330 1026 1413 ἔχων
1052 1335 1102 1397 καί
1124 1332 1165 1397 τὰ
1187 1334 1290 1416 ἱερεῖα.

115 1421 150 1481 et
169 1438 243 1502 quae
264 1419 440 1503 sequuntur,
468 1419 518 1482 ubi
540 1423 674 1482 accurate
694 1438 829 1506 pompam
849 1417 1000 1483 describit.
1042 1417 1131 1483 Adde
1151 1418 1289 1508 Inscript.

116 1500 209 1612 corp.
228 1502 254 1566 l.
275 1524 305 1566 n.
327 1503 404 1568 158:
458 1504 514 1578 Εἰς
543 1501 672 1583 κομιδήν
698 1507 761 1566 τῶν
787 1507 915 1589 θεωρῶν
940 1504 991 1565 καὶ
1017 1507 1078 1565 τῶν
1094 1508 1199 1585 χορῶν
1219 1503 1290 1568 Ἀν-

114 1610 236 1671 τιμαχῳ
262 1582 733 1672 ΦίλωνοςἜρμείῳτριηράρχῳ
755 1586 826 1651 ΤΧ.
868 1587 910 1652 Et
931 1608 1001 1651 vero
1023 1587 1152 1651 Athenis
1175 1609 1288 1673 quoque

114 1674 276 1736 certamina
306 1675 418 1736 musica
440 1671 616 1756 Thargeliis
637 1670 881 1753 instituebantur,
902 1672 962 1736 vid.
984 1670 1116 1782 Ασίίρίιο
1139 1673 1175 1738 de
1198 1673 1287 1738 caede

114 1756 273 1821 cherentea
283 1755 339 1819 11:
378 1753 507 1834 Ἐπειδὴ
526 1753 659 1837 χορηγὸς
680 1750 875 1835 κατεστάθην
895 1754 938 1830 είς
961 1754 1122 1839 Θαργηλια
1144 1760 1193 1819 καὶ
1215 1756 1287 1820 ita·

109 1864 170 1923 χον
179 1839 368 1903 Παντακλέα
380 1833 566 1900 διδάσκαλον
587 1838 637 1898 καί
661 1837 838 1920 Κεκροπίδα
861 1835 962 1922 φυλὴν
983 1838 1058 1922 πρὸς
1078 1845 1116 1923 τῇ
1138 1841 1285 1924 ἐμαυτοῦ,

110 1922 283 2006 ἐχορήγουν
312 1918 355 1997 ῶς
381 1919 506 2004 ἀρισται
550 1921 653 2006 quiin
680 1921 869 2006 sequentibus
897 1927 1032 1985 accurate
1053 1923 1208 2010 explanat,
1230 1946 1286 2009 que

109 2009 202 2075 medo
216 2008 336 2072 cherum
348 2027 504 2095 puerorum
526 2005 718 2069 erudiendum
740 2005 895 2071 curaverit.
938 2004 1026 2069 Adde
1052 2005 1181 2093 Lysiam
1202 2007 1285 2074 Oret.

108 2093 198 2160 XXI.
226 2093 261 2156 1:
300 2089 377 2173 Ἐγῶ
412 2089 470 2200 γὰρ
505 2085 724 2172 ἐδοκιμάσθην·
744 2089 801 2169 μὲν
830 2091 879 2154 tut
908 2085 1095 2169 Θεοπόμπου
1127 2090 1284 2174 ἀρχοντος,

110 2175 269 2253 καταστάς
296 2176 329 2240 δὲ
355 2200 488 2259 χορηγος
508 2175 679 2283 τραγῳδοῖς
700 2173 845 2256 ἀνήλωσα
866 2172 1030 2258 τριάκοντα
1050 2181 1130 2255 μνῦς
1150 2179 1201 2240 καὶ
1222 2183 1284 2255 τρί-

109 2286 156 2350 τιρ
185 2263 260 2345 μηνὶ
293 2261 479 2345 Θαργηλίοις
509 2284 634 2341 νικησας
667 2257 801 2348 ἀνδρικῷ
830 2265 917 2348 χορῷ
949 2261 1099 2340 δισχιλίας
1130 2260 1282 2344 δραχμάς.

108 2346 269 2437 Inscriptio
290 2347 368 2436 apud
387 2345 521 2410 Bocckh.
545 2342 634 2434 Curp.
656 2343 699 2409 Τ.
719 2345 744 2410 Ι.
766 2367 794 2433 p.
815 2344 895 2411 343:
940 2342 1119 2428 Ἔδοξεντή
1140 2348 1282 2412 Πανδισ·

109 2432 170 2497 νίδι
191 2436 289 2517 φυλῇ,
318 2427 535 2512 Καλλικράτης
556 2425 648 2505 εἶπεν,
685 2430 842 2494 ἐπαινέσαι
862 2430 975 2494 Νικίαν
992 2409 1170 2513 Ἐπιγόνους
1192 2435 1281 2496 Κυδ-

110 2521 250 2599 αθηναιᾶ
276 2514 489 2598 ἀνδραγαθίας
517 2517 601 2578 ἕνεκα
628 2518 684 2594 τῆς
705 2517 747 2590 είς
774 2512 830 2596 τήν
856 2511 971 2599 φυλήν,
1009 2511 1054 2577 ότι
1077 2505 1110 2577 εὐ
1131 2517 1181 2577 καὶ
1203 2543 1281 2599 προ-

109 2597 221 2684 θῦμως
241 2597 424 2686 ἐχορήγησεν
448 2601 535 2663 παισὶ
561 2600 612 2662 καλ
633 2600 716 2664 ἐνίκα
737 2593 889 2662 Διονῦσια
909 2601 959 2661 καὶ
984 2594 1144 2680 Θαργήλια
1166 2596 1280 2684 ἀνδρά·

108 2709 159 2752 σιν
178 2689 227 2751 κοιλ
250 2690 443 2770 στεφανῶσαι
465 2681 568 2747 αὐτόν·
590 2681 769 2769 ἀναγράψαι
791 2684 895 2747 δὲκαὶ
918 2683 999 2757 είτις
1021 2681 1112 2759 ἀλλος
1133 2686 1280 2767 νενίκηκεν

108 2768 166 2835 ἀπ’
188 2769 356 2835 Εὐκλείδου
385 2767 532 2851 ἀρχσντος
557 2772 662 2833 παισίν
682 2767 701 2850 ἢ
723 2765 870 2853 ἀνδράσιν
887 2766 1041 2839 Λιονόσια
1062 2766 1082 2849 ἢ
1107 2768 1277 2852 Θαργήλια,

106 2851 324 2942 ήΠρομήθια
345 2851 558 2939 ήἮφαίστια.
602 2853 644 2918 Et
684 2860 819 2917 rueteren
839 2853 896 2917 huc
911 2855 1040 2941 pertinet
1061 2853 1135 2938 quud
1159 2855 1195 2918 cle
1215 2855 1277 2918 Eu·

105 2941 201 3029 ripide
222 2947 309 3028 poeta
329 2941 486 3004 memoriae
496 2938 625 3044 prodidit
634 2875 861 3046 Tteuuhrastus
876 2938 953 3026 apud
961 2937 1071 3002 Athen.
1092 2938 1132 3002 X.
1153 2960 1181 3050 ρ.
1203 2939 1276 3006 424.

105 3023 148 3088 E:
199 3021 410 3105 Πυνθάνομαι
438 3022 469 3087 δ’
499 3025 588 3106 ε’γωγε
616 3025 667 3086 καὶ
694 3024 864 3108 Ευριπίδην
891 3021 946 3086 τὸν
972 3019 1102 3102 ποιητὴν
1133 3033 1277 3103 οινσχοεῖν

99 3105 250 3192 Ἀθήνησι
275 3119 340 3184 τοῖς
364 3108 527 3194 ὀρχησταῖς
553 3106 766 3189 καλουμέναις·
795 3105 950 3192 ὠρχοῦντο
972 3105 1004 3170 δ’
1029 3096 1112 3169 οῦτοι
1135 3110 1200 3190 περὶ
1222 3106 1276 3170 τόν

103 3200 161 3258 τοῦ
190 3191 379 3269 Ἀπόλλωνος
406 3193 480 3256 νεῶν
507 3198 561 3256 τοῦ
589 3194 727 3274 Δηλίου,
762 3196 823 3255 τῶν
844 3187 973 3273 πρῶτων
994 3187 1076 3265 ῦντες
1101 3189 1275 3272 Ἀθηναίων

103 3281 155 3343 καὶ
177 3275 360 3343 κατεδύοντο
382 3275 488 3359 ἱμάτια
510 3283 572 3341 τῶν
596 3279 774 3362 Θηραϊκῶν·
804 3273 820 3341 ό
842 3277 876 3340 δὲ
893 3271 1050 3342 Ἀπόλλων
1072 3264 1161 3350 σῦτός
1183 3278 1272 3355 ἔστιν,

103 3353 130 3452 ηδ
156 3362 196 3427 τὰ
225 3360 385 3447 Θαργήλια
412 3361 521 3446 ἀγουσι
550 3365 601 3426 καὶ
628 3359 807 3440 διασώζεται
831 3365 970 3444 Φλυῆσιν
990 3362 1023 3425 ἐν
1043 3366 1087 3447 τῷ
1109 3361 1274 3447 δαφνηφο-
1305 3392 1308 3396 ·

102 3449 173 3536 ρείιρ
194 3448 299 3536 γραφή
322 3451 388 3533 περὶ
409 3443 536 3512 τοῦτων.

162 3616 298 3682 'Sacrae
327 3637 467 3716 pumpee,
500 3638 564 3680 cum
590 3615 716 3703 primum
737 3613 855 3762 ΟΙγαηι.
881 3596 1083 3680 LXXXVIII.
1110 3613 1141 3678 3.
1162 3611 1271 3676 Delum
1362 3686 1364 3690 ¹

98 3701 281 3783 mitteretur,
314 3722 379 3787 quus
406 3701 569 3790 praefuerit
595 3700 710 3779 nesci03
748 3699 773 3763 0
786 3720 865 3786 yurp.
892 3696 1064 3761 LXXXIX.
1086 3699 1116 3762 3.
1138 3719 1201 3760 cum
1223 3719 1271 3760 se-

99 3786 225 3852 cuudum
247 3787 411 3850 instaurata
431 3792 526 3867 esset,
562 3785 691 3849 fortasse
713 3783 825 3850 Callias
848 3782 908 3871 Hip
930 3783 1007 3845 unici
1028 3781 1106 3846 fitius
1128 3783 1207 3844 sacri
1227 3781 1269 3844 le-

98 3873 163 3959 gati
189 3893 311 3936 munere
333 3872 450 3935 functus
478 3878 543 3934 est:
587 3877 665 3934 certe
691 3870 724 3932 in
752 3865 877 3955 Curpnr.
903 3804 997 3932 tuscr.
1024 3865 1065 3930 T.
1087 3867 1111 3930 l.
1138 3888 1168 3929 n.
1197 3865 1269 3930 1⁵9.

98 3962 363 4021 commemorantur
395 3956 518 4019 denaria
545 3954 675 4021 Calliae:
720 3953 899 4035 Στλεγγίδες
931 3952 1083 4032 ἓπίτηκτοι
1117 3950 1149 4014 ἐν
1177 3945 1267 4034 ξύλω,

97 4037 136 4116 ἀς
162 4042 304 4115 Καλλίας
326 4036 498 4104 Ἰππονίκου
520 4037 700 4121 Ἀθηναῖος
732 4036 898 4118 ἀνίθηκενε
942 4042 1102 4120 sequuntur
1131 4035 1267 4098 contiuuo

97 4124 185 4190 baec:
230 4127 405 4208 Στλεγγίδες
426 4126 578 4205 ἓπίτηκτοι
601 4127 632 4189 ἓν
654 4119 749 4208 ξόλῳ,
772 4120 808 4196 ἀς
828 4120 940 4193 Νικίας
961 4116 1140 4202 Νικηράτου
1159 4118 1268 4200 Ἀθη-

98 4219 183 4286 ναΐος
204 4208 354 4292 ἀνέθηκεν
375 4214 404 4273 Γ
402 4213 454 4273 ΠΙ
470 4212 520 4273 καί
542 4208 693 4293 στίφανος
712 4211 856 4291 χρυσοῦς.
897 4205 1013 4268 Niciam
1036 4211 1132 4267 autem
1149 4203 1265 4290 Olynp.

95 4290 172 4380 XC,
192 4298 225 4364 3.
249 4295 308 4363 huc
331 4296 445 4362 honore
473 4294 605 4362 runcum
631 4314 700 4360 esse
725 4289 945 4358 rectevidetur
964 4287 1135 4353 Beeckhius
1155 4287 1265 4351 Oecon.
