2768 4770
107 173 170 241 184
490 174 892 243 COMMENTATIONES

191 340 317 407 Κάκλαε
336 338 511 428 κάκεκράγει

192 431 332 510 Σεβῖνον,
355 425 437 501 ὅστις
458 429 538 493 ἐστὶν
559 425 776 512 ἀναφλάστιος.

107 512 246 600 ambigua
274 513 352 577 enim
377 512 449 577 satis
478 512 612 576 oratione
638 513 720 577 visus
753 518 799 577 est
824 510 941 593 dicere,
963 510 1148 581 Clisthenem
1173 516 1298 583 dolore

107 618 161 685 pro
182 610 227 662 ter
247 596 351 663 Sebini
378 603 500 661 mortem
532 597 709 683 gravissimo
737 595 875 661 affectum
901 596 1001 662 crines
1023 600 1160 667 scindere
1229 620 1297 667 ιιθ

108 619 243 764 tundere,
264 681 351 746 simul
372 701 443 744 vero
465 682 552 745 etiam
574 682 755 768 significavit
775 681 857 745 illum
875 688 996 770 propter
1016 684 1155 773 sepulcra
1172 622 1298 753 idam

107 764 245 831 libidines
274 787 433 830 exercere:
465 772 494 828 et
520 765 649 830 fortasse
683 766 757 830 illud
783 767 816 829 έν
841 774 972 850 ταφαῖσι
1002 778 1050 833 est
1076 768 1116 835 ad
1142 770 1296 859 sepulum

107 871 199 939 prope
220 850 363 917 Cimonea
384 854 569 914 monumenta
588 850 794 932 referendum,
816 850 876 913 nisi
896 851 974 915 forte
994 859 1127 953 praestat
1145 854 1215 919 bnoc
1232 850 1297 919 ad

109 935 288 1023 sepulturam
309 955 408 999 eorum
431 935 480 1020 qui
501 936 533 997 in
554 936 666 1023 proelio
694 935 732 1000 ad
751 934 923 1023 Arginussas
945 936 1114 1001 ceciderant
1132 938 1258 1005 referre.

176 1070 381 1135 Aristodemus
393 1078 487 1133 autem
497 1069 687 1153 illaqueans
698 1069 866 1158 Hipponem
881 1069 1296 1157 eomparatCratinmbonno

109 1156 166 1220 fuit
185 1155 273 1242 plane
294 1156 425 1243 perditus
447 1175 481 1217 ac
502 1154 691 1241 profligatus,
719 1154 796 1238 quod
816 1153 865 1217 vel
886 1153 1036 1240 Hesycbii
1057 1155 1161 1243 glossa
1180 1156 1294 1223 docete

103 1236 344 1320 Ἀριστόδημος·
361 1235 580 1323 Ἀριστόδημος
602 1239 631 1301 οἳ
651 1240 778 1318 κωμικοί
800 1236 853 1301 τὸν
873 1236 1021 1322 πρωκτόν,
1044 1242 1096 1303 καί
1118 1238 1292 1325 Θεόδωρον

111 1328 160 1387 καί
187 1320 419 1404 Τιμησιάνιικτα
440 1320 539 1406 ἔλεγον
561 1322 621 1385 ἀπὸ
642 1328 703 1386 τῶν
723 1317 950 1405 ἣταιρηκάτονν·
975 1325 1167 1406 Φορμισίους
1185 1325 1218 1389 δὲ
1233 1326 1288 1391 τό

110 1418 263 1491 γυναικεῖα
274 1410 377 1470 αἰδοῖα
387 1409 436 1470 καί
448 1409 614 1482 Βασιλίδας
628 1410 676 1469 καί
684 1404 850 1491 Λαχάρας.
863 1407 930 1471 Hoc
940 1406 1034 1494 igitur
1044 1410 1165 1475 nomine
1176 1410 1282 1476 donnini

111 1494 153 1557 ita
166 1494 211 1555 usi
233 1500 311 1573 sunt,
322 1500 354 1555 ut
365 1498 395 1555 et
409 1492 542 1557 homines
553 1492 713 1591 impudicos
726 1500 756 1555 et
765 1491 901 1579 pudenda
915 1492 1046 1581 corporis
1057 1493 1277 1581 significarent:

111 1599 178 1644 nam
202 1577 239 1641 de
259 1577 425 1641 hominibus
447 1597 558 1660 quoque
579 1577 686 1639 ductum
708 1598 775 1640 esse
797 1576 844 1641 vel
866 1597 906 1640 ex
926 1576 985 1641 alia
1005 1575 1071 1641 Hes
1095 1578 1156 1643 chii
1176 1578 1273 1667 glossa

112 1662 266 1726 coniicias:
296 1658 471 1741 Θεόδωρος·
503 1657 686 1743 Θεοδώρους
704 1658 804 1743 ἔλεγον
825 1660 854 1723 oi
874 1662 1001 1740 κωμικοὶ
1026 1684 1100 1739 τους
1121 1658 1267 1750 adpropri-
1297 1740 1300 1746 Ι

52 1750 55 1759 “
112 1770 216 1821 κτους,
246 1745 307 1809 ἀπὸ
332 1741 495 1829 Θεοδώρου
516 1744 596 1821 τινὸς
619 1744 674 1809 οὐκ
696 1737 728 1807 sd
749 1750 805 1827 τῆς
826 1742 937 1809 ἑαυτοῦ
959 1741 1042 1826 ώρας
1063 1748 1263 1853 προστησσμί-
1299 1802 1301 1811 .

112 1856 177 1895 νου.
200 1831 318 1895 eosdem
332 1837 536 1894 commemorat
555 1830 650 1894 inira:
676 1825 817 1909 Τιμάναξ
829 1828 1110 1911 (λΤιμησιάναξλο
1127 1830 1260 1916 speraris·

114 1913 131 1978 ὁ
152 1917 186 1979 δὲ
207 1914 302 1989 αὐτὸς
323 1911 339 1978 ὁ
363 1914 396 1987 ss.
410 1917 474 1997 καὶ)
491 1910 663 1997 Θεόδωρος.
683 1913 836 1978 Lucienus
849 1914 964 1999 quidem
987 1912 1257 1981 inAlexandrocl

113 1998 332 2064 Aristodemum
355 2001 437 2062 inter
457 1998 705 2085 flagitiosissimos
731 1999 864 2062 homines
885 1999 997 2063 relect:
1039 2000 1165 2065 Αὐτίκα
1191 1996 1256 2083 μάλα

112 2090 175 2147 τῶν
195 2086 244 2147 ἐπί
265 2086 356 2171 κακίᾳ
377 2081 550 2162 διαβοήτων
578 2077 746 2165 ἀκρότατος
773 2081 978 2163 ἀπετελέσθη,
1006 2078 1083 2165 ὑπὲρ
1104 2083 1176 2160 τοδς
1194 2082 1256 2189 Κίρ-

114 2193 235 2245 κανπας,
265 2164 342 2248 ἀπέρ
363 2165 417 2230 τὸν
437 2162 659 2248 Εὐράβατονῆ
685 2164 872 2244 Φρυνώνδαν
893 2164 912 2249 ἢ
930 2166 1070 2248 Ἀριστόδ
1090 2194 1152 2247 μον
1169 2166 1188 2253 ἢ
1206 2163 1265 2231 Σα-Ι

114 2276 258 2335 οτρατον.
290 2250 353 2316 Sed
372 2258 527 2339 praeterea
552 2250 627 2315 nihil
648 2250 684 2313 do
706 2249 1060 2399 A1·istodemoprodimm
1071 2194 1159 2341 legi,
1184 2272 1257 2339 neque

114 2337 211 2423 magis
239 2334 367 2422 comperi
394 2334 458 2418 quis
485 2335 542 2398 iste
568 2335 676 2415 fuerit,
703 2356 788 2418 quam
814 2336 879 2419 quis
935 2336 1080 2401 beodorns
1107 2344 1158 2402 ant
1176 2336 1258 2403 line·

115 2422 231 2486 sianax.
264 2418 368 2485 Mores
390 2418 505 2503 quidem
525 2419 629 2483 borum
651 2419 799 2483 hominum
821 2420 988 2501 consimiles
1009 2422 1106 2486 fuisse
1126 2420 1259 2512 propudio
1298 2484 1301 2494 ,

115 2527 168 2569 sae
190 2504 345 2570 Timarcbi
370 2505 450 2568 vitae
476 2503 627 2591 probabile
655 2511 713 2567 est:
756 2525 824 2567 nam
852 2503 1007 2569 Timarcbi
1034 2525 1147 2591 quoqne
1173 2524 1260 2571 nonen

115 2590 251 2655 similiter
272 2611 290 2653 a
316 2588 434 2652 comicis
455 2588 550 2675 poetis
578 2588 634 2651 suit
660 2594 845 2734 usuppatum,
873 2587 932 2653 vid.
954 2588 1142 2739 Heppcbins:
1169 2590 1260 2673 Δημο-

115 2676 246 2739 κλεΐδαι·
280 2673 310 2736 oi
330 2673 408 2748 ξένοι
428 2674 479 2734 καὶ
499 2674 600 2751 μοιγοί
622 2670 683 2734 ἀπὸ
738 2674 918 2752 ημσκλείδου
938 2697 1004 2738 voto
1044 2700 1080 2739 ου
1101 2672 1201 2751 ὄντος·
1218 2698 1262 2737 να-

115 2757 219 2842 θάπερ
247 2760 297 2820 καί
327 2756 399 2831 τοὺς
420 2736 624 2839 ἧταιρηκάτας
648 2753 827 2836 Τιμάρχους
852 2755 963 2840 ἔλεγον.
995 2760 1034 2824 cl.
1055 2756 1262 2825 Aeschinesln

116 2841 271 2907 Timarcb.
293 2842 355 2908 157
376 2864 404 2929 p.
418 2843 480 2905 301
502 2841 548 2905 ed.
565 2839 705 2904 Bekker:
728 2840 786 2915 Ὃς
807 2839 957 2925 εὐπρεπὴς
978 2840 1021 2906 άν
1041 2845 1116 2908 ίδεῖν
1135 2846 1264 2909 τοσοῦτον
1297 2873 1301 2884 ·

116 2925 220 3009 ἀπέχει
246 2931 308 2989 τῶν
328 2928 478 3007 αι’σχρών,
511 2923 587 2989 ὥστε
608 2921 714 3009 πρώην
740 2927 772 2988 έν
797 2935 861 3001 τοῖς
881 2925 951 2989 κατ’
975 2925 1090 3011 ἀγροὺς
1110 2926 1265 3001 Διονυσίοις

117 3013 275 3093 κωμιοδῶν
296 3008 390 3073 άντων
411 3011 603 3097 ε’νΚολυττῷ
625 3012 675 3071 καὶ
693 3010 906 3094 Παρμένοντος
927 3017 984 3074 τοῦ
1006 3036 1050 3075 κω
1075 3018 1142 3077 exod
1156 3010 1266 3095 danups-

117 3102 173 3162 τοῦ
193 3076 336 3171 ιεἰπόντος
362 3120 392 3159 τι
419 3093 495 3179 πρὸς
515 3093 569 3156 τὸν
595 3093 690 3176 χορὸν
717 3092 914 3171 ἀνάπαιστον,
941 3097 974 3158 έν
995 3085 1021 3181 ᾧ
1043 3038 1081 3175 ἀν
1101 3092 1178 3161 είναί
1197 3116 1266 3169 τινας

118 3180 286 3266 πόρνους
305 3176 496 3261 μεγάλους
519 3175 811 3261 Τιμαρχώδεις,
835 3178 934 3253 οὐδεὶς
953 3176 1166 3261 ἀπελάμβανεν
1185 3176 1267 3255 είςτδ

117 3263 289 3347 μειράκιον,
320 3262 391 3326 ἀλλ’
416 3266 457 3338 εἷς
483 3262 516 3325 σε’
537 3257 655 3337 πάντες.
699 3262 744 3326 Εο
766 3270 864 3328 tamen
885 3262 1043 3345 differunt,
1069 3266 1146 3351 quod
1167 3264 1267 3331 Arno

118 3349 221 3415 demus
241 3372 289 3415 ma
312 3349 338 3413 ‘s
358 3355 478 3436 propter
498 3346 672 3446 impudicum
693 3366 848 3435 puerorum
864 3369 1002 3431 amorem,
1024 3349 1069 3413 illi
1086 3350 1163 3435 qnod
1182 3346 1267 3415 mulie·

118 3435 186 3498 bria
210 3441 410 3521 pateamus,
438 3433 544 3495 famoso
566 3439 659 3495 erant.
700 3430 887 3497 Aristodemo
914 3454 986 3497 vero
1011 3433 1147 3499 homines
1172 3430 1267 3499 sinite

120 3532 256 3582 recenset
267 3518 433 3581 Aeschines
452 3517 484 3583 in
496 3516 648 3579 Timarch.
659 3518 702 3578 52
742 3513 1066 3600 ,2671‘anpstclvarv
1086 3516 1196 3583 τοάσδε
1210 3514 1269 3589 τοδε

121 3601 244 3688 ἀγρίους
265 3599 394 3685 ἀνδρας,
416 3600 600 3682 Κηδωνίδην
620 3602 671 3663 καί
691 3537 901 3682 ιάάτοκλείδην
921 3604 972 3665 καί
996 3602 1202 3689 Θέρσανδρον.

206 3718 256 3783 Ad
278 3737 432 3805 puerorum
456 3737 597 3797 amorem,
624 3737 708 3800 quem
730 3715 871 3783 Cratinus
893 3720 1126 3868 exprobraverat
1144 3714 1270 3869 lTr'ppppp'¹

120 3802 308 3873 referendum
335 3801 489 3865 astutiam
519 3800 597 3866 aliud
618 3801 832 3910 fragmentum,
861 3824 917 3888 quo
959 3808 1006 3868 est
1032 3805 1108 3893 apud
1129 3804 1208 3869 Scbo

120 3888 275 3975 Aristopb.
295 3885 387 3973 Vesp.
410 3885 508 3948 1021:
539 3886 693 3948 Παιδικα·
720 3886 767 3950 ἐπὶ
789 3891 923 3970 θηλειῶν
943 3890 995 3952 καί
1016 3886 1153 3973 ἀρρένων
1173 3890 1188 3955 l

121 3998 181 4037 νων
210 3969 348 4035 τάττεται
377 3965 397 4051 ἦ
425 3968 519 4043 λέξις·
562 3971 796 4054 παραδείγματα
822 3977 877 4036 τοῦ
905 3974 954 4036 ἐπὶ
979 3972 1036 4054 μὲν
1061 3979 1125 4038 τῶν
1154 3970 1273 4059 άρρίνΙΙ

121 4056 287 4121 τάττεσθαι
309 4052 389 4117 ἀλλα
409 4077 441 4116 τε
463 4052 520 4116 οὐκ
546 4051 634 4137 ὀλίγα
654 4057 705 4118 καί
726 4054 762 4119 τὸ
783 4057 939 4120 ἐνταῦθα·
982 4059 1034 4121 καί
1055 4058 1088 4123 έν
1108 4068 1173 4135 τοῖς
1190 4056 1274 4139 'Alb

121 4140 199 4217 λέυς
224 4141 255 4205 δ’
279 4140 424 4224 ἐρασταῖς
450 4139 543 4219 δῆλον
570 4135 612 4214 ὡς
644 4135 739 4217 οάτιος
766 4141 952 4225 ίξείληπται·
994 4138 1162 4209 έπιδάντονν
1180 4138 1274 4230 γάρτι

123 4232 185 4292 τῶν
205 4221 354 4308 Σατάρεον
374 4225 416 4299 είς
436 4220 491 4305 τὴν
511 4223 682 4305 γυναικείαν
704 4224 885 4309 ἐπιθυμίαν,
908 4227 1002 4313 φησίν
1022 4222 1040 4294 ὅ
1064 4227 1186 4307 Φοίνιξ·
