2768 4770
283 231 344 302 DE
363 231 506 312 Ruhlu.
523 233 710 307 COMOED.
729 237 836 310 ATT.
856 240 1003 319 ANTIQ·
1161 244 1226 314 293

142 401 211 469 Kal
230 399 293 485 μῆν
312 405 414 489 παρῆν
434 399 550 487 τεμάχη
571 404 627 486 μὲν
648 404 852 489 ἐξωπτημένα,

142 489 432 570 Καταχνσματέοισι
462 491 703 555 παντοδαποῖσιν
723 489 872 580 εάπρεπῆ,

144 569 309 637 Τεάτλοισί
326 570 357 638 τ’
380 571 513 658 ἐγχέλεια
533 576 812 659 συγκεκαλυμμένα.

74 655 149 746 ulgo
171 657 300 741 εὐτρεπῆ
327 657 454 746 legitur,
481 659 679 745 quodminus
708 668 805 751 aptum
825 660 957 729 videtur:
984 662 1102 730 tertimn
1128 668 1224 733 antem

74 762 177 808 ersunr
198 741 309 806 Pollux
328 743 493 809 rectissime
514 744 724 834 suppeditavit:
751 746 801 811 ubi
822 745 898 832 quod
918 747 1032 835 legitur
1050 747 1177 834 ἐγχέλυα
1197 751 1224 816 si

74 826 123 891 uis
145 825 302 909 defendat,
331 827 524 894 calumniatus
546 851 613 894 esse
635 830 799 895 censendus
821 832 888 896 erit.
909 830 1049 900 Ceterum
1068 856 1224 926 componas

74 911 205 978 luhulum
226 912 259 975 in
279 911 363 976 Eeho
385 911 462 1000 apud
482 913 670 979 Athenaeum
691 913 759 982 Vll.
779 936 809 1005 p.
830 917 895 981 300
910 914 954 981 B:

140 991 266 1082 Νάμφα
287 992 492 1081 ἀπειρόγαμος
512 995 626 1089 τεάτλιρ
647 1001 716 1086 περὶ
736 1006 828 1083 σῶμα
849 995 1017 1113 καλυπτάρ’
1047 1056 1049 1059 ,
1097 1026 1100 1032 ’
1164 1012 1176 1017 ”
1231 1033 1241 1041 ”

142 1077 332 1167 Λευκόχρως
352 1081 512 1166 παρέσται,
998 1116 1002 1124 ·
1032 1116 1036 1124 ·
1089 1101 1092 1106 ·

137 1162 297 1251 Ἔγχελυς,
320 1155 345 1230 ὦ
365 1167 444 1250 μέγα
463 1194 518 1252 μοι
537 1166 617 1254 μέγα
638 1192 687 1235 σοι
708 1171 776 1256 φῶς
797 1167 918 1256 pavete
940 1160 1072 1255 ἐναργές.

74 1246 135 1318 lent
156 1250 190 1315 in
210 1250 283 1316 Ione
303 1251 427 1318 ibidem:
571 1290 573 1295 ·
917 1281 919 1286 ·

411 1333 463 1402 Αἵ
479 1360 511 1401 τε
532 1332 761 1420 λιμνοσάματοι
797 1379 802 1390 ·

141 1415 291 1484 Βοιώτιαι
310 1424 454 1506 παρῆσαν
472 1421 599 1506 ἐγχέλεις
618 1424 692 1490 θεαὶ

111 1546 115 1555 ·
143 1503 256 1570 Τεάτλ’
280 1501 496 1587 ἀμπεχόμεναι.
1028 1546 1033 1553 ·

74 1586 145 1655 ttltle
166 1587 269 1654 Aristo
289 1591 396 1654 hanem
416 1591 449 1655 in
469 1590 551 1656 Pace
570 1610 601 1656 ν.
613 1590 707 1660 1012.
747 1591 811 1658 lam
831 1610 860 1659 v.
883 1591 925 1660 14
946 1592 1059 1681 siquis
1080 1591 1222 1678 offendat,

74 1673 164 1741 uerit
183 1696 247 1741 cum
268 1611 426 1739 llindorfio
447 1676 593 1739 scrihere:
658 1693 660 1697 ’
1192 1675 1199 1687 ’

133 1756 281 1824 Ἣδιστον
302 1757 568 1839 ἀπατμίζοντα
595 1760 647 1822 καλ
666 1754 784 1840 χόλικες
807 1752 892 1840 βοός.
974 1770 977 1775 ’

74 1864 86 1911 ’.
108 1843 151 1910 17
169 1844 261 1926 vulgo
282 1844 311 1908 le
334 1844 438 1907 ebatur
457 1840 596 1926 γάλακτι,
618 1844 694 1930 quod
715 1865 868 1909 numerum
889 1843 1007 1928 evertit,
1028 1851 1109 1913 reete
1129 1845 1223 1935 igitur

74 1926 232 1995 liudorfius
254 1928 292 1994 ad
312 1865 466 2016 iristoph
486 1927 611 2016 Fragor.
632 1950 662 2017 p.
683 1927 765 1994 231:
973 2010 974 2013 Ἴ

141 2015 256 2100 Παρῆν
277 2013 310 2076 δέ
328 2011 459 2099 χόνδρος
479 2012 615 2097 γάλατι
636 2011 890 2095 κατανενιμμένος

136 2094 196 2162 Ἐν
221 2096 424 2180 καταχύτλοις
448 2093 602 2162 λεκάναισι
628 2099 680 2162 καλ
706 2093 786 2162 πόου
810 2093 912 2180 τόμοι.

74 2180 197 2249 λὶίδειο
216 2183 346 2248 restituit
365 2183 531 2272 Antiphani
552 2183 629 2273 apud
648 2180 761 2248 Athen.
780 2181 820 2249 X.
841 2203 870 2273 p.
890 2179 955 2249 449
975 2180 1018 2248 B:
1152 2235 1154 2241 .

141 2271 312 2351 Νεογενοῦς
332 2269 463 2351 ποίμνης
482 2266 519 2333 δ’
543 2270 576 2333 έν
597 2266 675 2348 αότῆ
697 2266 807 2332 πνικτὰ
825 2267 1117 2354 γαλατοθρέμμονα.

74 2371 152 2437 eque
178 2372 250 2418 vero
301 2361 437 2441 rupterea
467 2351 628 2443 culpandus
654 2331 862 2418 Pherecrates
878 2357 929 2418 aut
959 2353 1034 2418 haee
1060 2353 1089 2418 ei
1119 2351 1221 2418 fabula

73 2436 245 2524 bregantin:
280 2375 363 2503 lianc
389 2437 468 2503 enim
493 2438 618 2503 formam
644 2457 825 2522 nequaquam
851 2435 1027 2502 insolentem
1053 2437 1147 2502 fuisse
1173 2459 1222 2503 oo·

74 2522 227 2595 noscimus
257 2523 346 2589 etiam
379 2543 418 2587 ex
444 2521 647 2610 Aristophane
684 2520 876 2609 grammatico
906 2520 984 2611 apud
1014 2520 1151 2587 Eustath.
1184 2522 1222 2590 ad

74 2605 167 2694 λόγον.
182 2628 211 2695 p.
223 2605 316 2690 1761,
327 2607 382 2690 37,
404 2605 454 2672 uhi
476 2606 560 2673 docet
570 2604 726 2674 Platonem
738 2606 878 2672 comicum
913 2612 1008 2671 oetam
1023 2627 1071 2671 ma
1094 2607 1221 2672 ’setiam

74 2691 197 2756 rusitata
222 2691 319 2758 forma
338 2691 426 2756 huius
445 2691 532 2762 uerhi
557 2712 642 2757 usum
662 2690 773 2759 fuisset
804 2692 871 2756 Kal
946 2687 1027 2756 όταν
1047 2693 1067 2756 δ
1085 2738 1096 2770 ,
1118 2691 1221 2777 φησίν,

632 1566 652 1586 ,ι’,

93 2774 227 2857 κωμικός
253 2772 269 2840 ό
297 2772 461 2861 πρόσωπος
489 2775 605 2861 εἴρηκεν
631 2773 699 2841 ἀντὶ
723 2781 779 2854 τοῦ
807 2771 971 2862 πρόσωπον
999 2778 1049 2839 καὶ
1071 2774 1139 2840 ἀντὶ
1164 2780 1221 2841 τοῦ
1273 2843 1275 2846 ,
1356 2854 1360 2859 ,

74 2855 206 2937 άλακτος
226 2857 246 2944 ῆ
265 2856 398 2945 γάλατος
418 2866 473 2927 τοῦ
494 2858 575 2946 γάλα
596 2858 689 2926 έκλινε
711 2857 934 2948 δισσυλλάβως.
962 2859 1013 2926 Uti
1033 2857 1221 2945 Ρ1αλογόλα

74 2945 132 3010 ixit
152 2945 269 3045 obliquo
291 2948 437 3046 casensis¹
458 2948 546 3011 etiam
565 2946 751 3047 Philoxenus
773 2945 1025 3101 dithpramborum
1045 2952 1133 3046 poeta
1151 2945 1222 3026 μέλι

74 3051 192 3116 mquam
212 3030 450 3097 indeclinahrlenr
469 3053 572 3097 vocem
593 3052 784 3122 usurpavisse
801 3053 832 3098 νι
852 3039 918 3098 etur
938 3053 971 3098 ur
986 3031 1122 3099 uersibus
1144 3027 1222 3120 apud
1296 3052 1302 3083 ι

74 3114 592 3348 ηιιεἶξιῆῆῆιι’νΧρΙςῆδλΡγάάἀάιτῆἀαὶ
611 3199 699 3284 μέλι
718 3195 973 3288 συγκατάφυρτος

176 3310 191 3361 ς
211 3311 275 3366 αμυ
296 3310 340 3361 ος.

74 3391 96 3436 a
117 3369 197 3435 enim
215 3372 352 3458 corrigo:
384 3370 522 3436 conferes
544 3367 692 3458 Hesychii
719 3368 866 3457 glossamr
896 3366 981 3432 Moe
1002 3361 1095 3431 έοικε·
1121 3362 1221 3447 μέλιτι
1335 3401 1339 3407 -

74 3452 162 3538 μοιόν
184 3455 257 3520 ἔστι.
280 3493 321 3506 -
363 3455 403 3526 V.
423 3457 467 3525 2⁵
489 3455 676 3521 defendenda
697 3462 744 3521 est
764 3456 905 3522 lihrorum
925 3451 1055 3517 omnium
1075 3451 1178 3517 lertio:

141 3538 192 3603 Τά
214 3539 248 3603 δὲ
267 3537 345 3624 μῆλ’
369 3540 579 3623 ἐκρέμαντο
598 3539 638 3606 τά
660 3541 740 3605 καλὰ
760 3545 821 3607 τῶν
841 3542 944 3613 καλῶν
963 3539 1038 3604 ἰδεῖν

133 3619 229 3709 Ὕπέρ
251 3630 385 3712 κεφαλῆς
406 3628 438 3701 ἐξ
456 3623 578 3702 οόδενδς
598 3622 766 3713 πεφυκότα.
831 3687 835 3693 ,
921 3682 924 3689 n
1127 3698 1129 3703 ,

74 3730 129 3774 uae
155 3708 244 3774 multo
271 3712 369 3800 magis
397 3711 510 3777 aurium
537 3711 645 3776 iudicio
670 3711 825 3800 probatur,
856 3729 941 3796 quam
987 3703 1046 3772 nod
1065 3704 1241 3772 Porsonus‘

74 3794 350 3942 pripsitssuplpaw·
372 3795 450 3861 Illud
470 3817 543 3860 vero
563 3796 603 3860 τὰ
623 3796 703 3897 καλὰ
718 3801 779 3861 τῶν
799 3799 901 3860 καλῶν
922 3815 941 3860 a
961 3728 1221 3941 iubilationelpanr

74 3881 227 4050 ultinipiiiruds
241 3879 336 4053 ᾶρρρ
348 3880 448 4032 ν112ρ.
463 3879 676 4030 (ῆδχῇδοόοιιάιλ
717 3882 908 3969 Nequaquam
935 3884 1033 3946 autem
1053 3895 1147 3966 rmpro
1169 3895 1208 3940 an

133 4045 344 4130 Ἡβυλλιῶσαι
365 4052 416 4114 καὶ
437 4048 476 4114 τδι
499 4047 578 4137 ῥόδα
597 4049 789 4136 κεκαρμέναι.

74 4154 121 4199 am
142 4140 203 4199 tum
225 4135 340 4200 demum
360 4134 460 4199 littora
479 4159 499 4219 ρ
521 4135 597 4200 solet
616 4135 841 4226 praecedentem
861 4126 1134 4198 litteramvoealem
1153 4145 1221 4216 pro·

74 4239 177 4301 ueere,
197 4219 249 4284 uhi
268 4219 322 4284 illa
341 4221 396 4284 suh
418 4219 501 4285 arsin
520 4220 613 4303 eadit,
633 4220 683 4286 sin
698 4218 800 4289 minus
820 4216 994 4308 corripitur,
1014 4213 1064 4281 uti.
1078 4217 1129 4280 est
1144 4210 1219 4301 apud
1291 4232 1293 4240 ’

74 4302 238 4391 οιολγΙοοι
258 4304 291 4370 in
308 4303 488 4371 Prometheo
505 4324 537 4371 ν.
556 4304 636 4374 715ι
