2760 4792
295 208 355 276 nu
375 208 519 286 asmo.
540 209 728 282 concon.
748 213 856 285 arr.
876 216 1022 297 anuto.
1184 227 1243 294 ια
1305 197 1316 218 ’

73 377 263 446 deindevero
278 399 343 443 cum
354 379 412 444 Pol
453 381 570 445 hemum
591 381 693 447 lurore
714 383 930 451 arbitrarentur
954 388 1164 458 discesserunt
1184 393 1245 458 lam

73 463 151 563 apud
172 401 565 613 lpomempripslelixes,
587 466 718 551 quamvis
740 437 967 537 adversantiblrs
988 475 1093 557 sociis,
1114 479 1246 566 exponit,

93 570 140 612 ms
161 569 188 611 si
238 569 267 611 v.
360 572 368 611 ε

74 571 92 634 q
158 595 316 713 Ild’selmp,
339 632 377 695 αῖ
393 630 443 696 κίυ
464 630 509 706 τίς
529 654 564 694 σε
585 637 789 714 καταθνητῶν
814 632 990 722 ἀνθρώπων

153 714 344 800 Ὀφθαλμοῦ
367 715 484 799 εἴρηται
504 714 652 798 ἀεικελίην
673 714 824 794 ἀλαωτύν,

160 798 289 863 Φάσθαι
308 800 465 883 Ὀδυσσῆα
492 799 733 884 πτολιπόρθιον
754 806 937 883 ἐξαλαῶσαι,

158 885 234 948 ,Υἷδν
254 885 422 969 Λαίρτεω,
443 885 551 968 Ἰθάκῃ
572 884 616 948 ibe
638 885 712 949 οἰκί’
736 886 856 969 ἔχοντα.

72 971 147 1036 Item
168 968 328 1059 Euripides
349 992 377 1035 v.
399 971 463 1036 690
485 968 602 1035 Ulixem
624 970 704 1055 loqui
727 973 813 1036 facit:
954 1047 956 1050 .

161 1055 230 1118 ΟΔ.
277 1059 449 1118 Φυλακαῖσι
471 1059 599 1140 φρουρῶ
626 1053 708 1134 σῶμ’
729 1054 904 1133 Ὀδυσσέως
924 1053 1004 1122 τόδε.

156 1141 229 1203 ΚΥ.
270 1141 348 1214 Πῶς
369 1136 470 1220 εἶσαςς
514 1137 611 1219 ὄνομα
630 1141 816 1221 μεταβαλών
837 1141 941 1206 καινὸν
962 1143 1072 1228 λίγειςς

160 1225 228 1288 ΟΛ.
265 1221 360 1308 Ὅπερ
381 1224 413 1306 γ’
438 1221 455 1287 ὃ
477 1220 580 1310 φύσας
604 1223 642 1303 μ’
666 1223 799 1307 ῶνόμαζ’
819 1225 982 1292 Ὀδυσσέα.

71 1307 102 1374 in
124 1316 256 1373 extrema
276 1329 348 1373 vero
369 1309 471 1373 fabula
491 1316 659 1395 satyrorum
681 1311 788 1376 chorus
810 1313 921 1378 socium
942 1335 976 1378 se
997 1313 1134 1403 adiungit
1144 1313 1241 1383 Ulixi:

150 1389 257 1472 Ἡμεῖς
278 1395 311 1456 δὲ
332 1395 500 1458 συνναῦταί
517 1417 549 1477 γε
570 1391 659 1457 τοῖνδ’
681 1393 854 1472 Ὀδυσσίιυς

147 1475 252 1552 Ὀντες
273 1477 308 1541 τδ
329 1477 436 1542 λοισδν
458 1479 583 1563 Βακχίῳ
606 1475 818 1562 δουλεύσομεν.

70 1561 145 1626 Erat
167 1570 262 1626 autem
273 1585 337 1627 cum
349 1564 381 1625 in
394 1561 510 1628 Cratini
521 1584 610 1626 versu
622 1561 709 1646 σιγῶν
728 1591 781 1629 νον
802 1562 904 1640 ἅπαξ
925 1563 972 1647 δ’χε
986 1565 1073 1649 σιγὰν
1082 1566 1241 1654 legendum

71 1647 280 1728 existimarem,
301 1647 354 1711 sed
364 1654 495 1734 praestat
510 1643 590 1720 ἅπας
606 1668 736 1713 servare.
767 1648 906 1715 Ceterum
920 1651 952 1713 in
963 1653 1048 1716 tertio
1064 1674 1153 1716 versu
1166 1652 1242 1719 Cra·

70 1731 248 1810 tinierrant,
271 1732 319 1815 qui
343 1729 511 1816 particulam
534 1730 567 1790 δὲ
588 1729 740 1794 delendam
763 1754 831 1796 esse
854 1741 986 1814 censent,
1007 1743 1054 1799 est
1067 1757 1189 1823 prorsus
1210 1745 1243 1800 nt

70 1815 173 1881 Latini
196 1816 306 1894 dicunt,
326 1820 448 1878 Serenus
470 1827 580 1874 aetem
601 1813 807 1878 Ithacemes.
834 1814 875 1879 Et
896 1817 1019 1900 quodam
1040 1820 1125 1884 modo
1167 1828 1243 1886 otest

70 1900 234 1989 comparari
253 1896 444 1982 Bacchylidis
465 1896 516 1960 ille
538 1896 619 1960 locus
641 1897 716 1985 apud
737 1899 924 1964 Athenaeum
947 1899 983 1967 V.
1005 1923 1033 1989 p.
1059 1904 1120 1967 178
1140 1842 1168 1968 E

145 1982 296 2046 Ἔστα-δ’
321 1984 369 2046 ἐπὶ
390 1977 493 2045 λάινον
514 1977 621 2056 οὐδόν,
642 1984 689 2045 τοί
711 1984 745 2045 δι’
766 1985 876 2059 θοίνας
896 1982 1014 2063 ἔντυον,
1038 1974 1101 2049 ῶδί
1119 1985 1143 2050 τ’
1168 1987 1240 2074 δ’φα·

151 2064 336 2147 Αὐτόματοι
358 2066 389 2130 δ’
413 2065 542 2150 ἀγαθῶν
563 2068 671 2142 δαῖτας
692 2063 844 2148 εὐόχθους
864 2069 1042 2153 ἐσέρχονται
1066 2071 1176 2135 δίκαιοι
1276 2120 1279 2124 A

156 2156 272 2227 Φῶτες.
425 2225 427 2229 y

68 2259 239 2324 quamquam
261 2234 456 2322 Bacchylides
476 2234 648 2322 particulam
673 2235 802 2301 sortasse
822 2237 945 2303 retinuit
964 2245 1136 2329 propterea,
1162 2240 1239 2327 qnod

68 2344 139 2388 usus
161 2329 208 2386 est
227 2329 297 2385 noto
318 2320 370 2385 illo
392 2320 467 2408 epici
489 2319 611 2384 alicuius
633 2341 738 2384 versu:

151 2404 335 2486 Αδτόματοι
357 2403 389 2468 δ’
413 2404 527 2488 ἀγαθοὶ
549 2403 678 2487 ἀγαθῶν
699 2407 747 2470 ἐπὶ
769 2406 877 2480 δαῖτας
898 2405 989 2470 ίασιν.

66 2489 140 2557 talia
160 2491 238 2554 enim
259 2496 376 2555 veteres
402 2490 579 2586 scriptores,
607 2491 634 2553 si
664 2511 724 2554 non
746 2490 923 2553 conveniunt
948 2492 1078 2579 ipsorum
1099 2493 1238 2574 orationi,

66 2583 132 2727 tnpp
157 2575 299 2724 abipcppe,
331 2582 392 2639 tum
417 2581 546 2639 retinere
575 2572 688 2655 solent,
723 2574 781 2640 vid.
796 2573 952 2641 Demosth.
977 2576 1014 2641 do
1041 2576 1120 2642 falsa
1144 2576 1237 2666 legat.

153 2666 183 2723 et
267 2704 275 2724 .

64 2665 87 2728 ²
153 2743 213 2809 lam
240 2763 312 2807 vero
337 2735 376 2817 ad
409 2742 532 2806 condem
558 2747 671 2829 partem
697 2744 864 2808 comoediae
895 2744 944 2808 vel
965 2750 1089 2843 propter
1121 2744 1236 2810 numeri

65 2828 287 2898 similitudinem
308 2826 482 2891 referendus
505 2836 552 2892 est
573 2827 648 2892 alius
672 2850 791 2910 versus,
813 2848 897 2914 quem
919 2827 1028 2895 Surdas
1050 2828 1091 2894 T.
1109 2829 1134 2896 Ι.
1155 2850 1184 2918 p.
1194 2830 1237 2895 75

65 2914 172 2982 affert:
207 2911 368 2997 Ἄθυρμα·
390 2915 589 2994 παίγνιον-
611 2915 766 2996 Κρατῖνος
784 2913 995 2978 Ὀδυσσεῦσιν·

152 2987 295 3079 Νεοχμδν
315 3020 344 3059 τι
365 3001 527 3080 παρῆχθαι
549 2993 689 3081 ἄθυρμα.

63 3086 111 3162 εδ,
138 3081 336 3168 quodvulgo
363 3080 461 3162 deest,
490 3081 722 3147 subministravit
747 3078 906 3147 Elmsleins
935 3074 973 3145 ad
993 3078 1146 3170 Euripidis
1167 3080 1236 3147 Me·

64 3169 151 3237 deam
171 3166 374 3255 pausantes„
399 3165 488 3229 Dixit
500 3174 595 3230 autem
617 3167 690 3231 haec
712 3167 828 3242 chorus,
850 3166 887 3232 de
909 3165 1062 3231 orchestra
1078 3166 1236 3247 decedam,

63 3253 104 3321 ad
125 3258 306 3340 spectatores
316 3270 492 3315 conversnsz
514 3251 735 3316 indicareenim
748 3251 841 3316 voluit
856 3257 953 3340 poeta,
976 3271 1010 3314 se
1031 3270 1096 3314 cnm
1109 3250 1235 3338 pristino

62 3358 147 3404 more
167 3357 229 3400 non
249 3335 376 3424 potuerit
395 3335 525 3400 fabulam
541 3356 604 3400 com
625 3357 726 3416 onere,
748 3356 853 3400 novam
865 3336 993 3421 aliquam
1008 3340 1041 3400 et
1059 3334 1234 3400 insolentem

62 3420 288 3489 oblectationem
310 3419 495 3485 exhibuisse:
538 3419 591 3484 illu
633 3421 712 3485 enim
739 3421 841 3485 comici
867 3420 970 3508 graeci
996 3419 1101 3484 scdulo
1122 3426 1240 3508 spocta-'

61 3512 187 3587 verunt,
212 3512 245 3568 nt
266 3511 296 3569 et
315 3503 470 3570 utilitatem
492 3514 522 3569 et
542 3505 718 3593 voluptatem
739 3503 884 3569 afferrent
910 3504 1125 3594 spectantibus,
1156 3504 1233 3568 haud

61 3594 249 3676 immemores
290 3589 419 3678 raecepti
439 3587 535 3671 illins,
562 3588 801 3675 quodHoratius
823 3588 868 3654 sic
887 3588 1055 3679 proposuitz

147 3674 190 3741 Et
209 3610 352 3774 prodesse
373 3675 476 3740 volunt
496 3680 528 3739 at
548 3674 694 3740 delectare
714 3681 827 3771 poetae.
904 3695 907 3701 ·
1293 3754 1295 3758 Α

61 3760 141 3850 qnod
161 3759 359 3858 subendioavit
379 3760 468 3825 etiam
477 3758 695 3849 Aristophanes
717 3781 781 3824 cum
798 3758 874 3831 „alibi
887 3763 952 3827 tum
972 3759 1006 3824 in
1019 3756 1234 3825 Ecclesioansis

61 3855 223 3914 exuemus:
809 3877 813 3887 ·

146 3923 286 4010 Σμικρδν
307 3922 338 3988 δ’
361 3921 541 3990 ὖποθίσθαι
561 3933 625 4001 τοῖς
645 3932 777 4012 κριταῖσι
798 3921 962 4008 βούλομαι,
995 3960 1000 3993 ι
1070 3986 1072 3991 .

149 4019 227 4091 Τοῖς
247 4018 358 4094 σοφοῖς
377 4011 443 4091 μέν,
465 4016 526 4074 τῶν
543 4016 649 4095 σοφῶν
668 4012 869 4094 μεμνημένοις
890 4012 997 4097 κρίνειν
1019 4006 1082 4089 eps,
1210 4067 1213 4071 .

151 4103 229 4171 Τοῖς
249 4099 357 4180 γελῶσι
381 4094 411 4167 δῖ
435 4092 548 4178 ἡδέως,
575 4095 627 4159 διὰ
648 4096 701 4159 τὸν
722 4099 817 4178 γέλων
837 4097 946 4178 κρίνειν
968 4097 982 4159 ἒ
1007 4093 1031 4157 ἐ.

62 4192 95 4251 ct
113 4191 146 4249 ut
166 4202 256 4247 unum
277 4170 432 4268 praeterea
452 4179 616 4268 exemplum
646 4181 780 4247 adiiciam
801 4183 928 4245 comicos
948 4181 1049 4244 nescio
1071 4177 1136 4276 puis
1157 4174 1231 4263 apud

63 4267 317 4360 Hephaestionem
337 4286 367 4355 p.
390 4265 453 4332 109
473 4265 506 4332 in
528 4273 661 4333 ostreum
681 4266 784 4335 t'abnla
802 4267 835 4333 in
856 4265 996 4361 parebasi
1023 4262 1112 4331 th'xrt:

946 4364 987 4431 tt
