2760 4792
150 230 196 299 92
527 226 934 311 COMMENTATIONES

153 394 255 486 ἑαυτῷ
280 401 416 491 acopon:
441 397 503 477 δεῒ,
537 395 696 484 προσέχων
724 395 814 463 οὐδὲν
837 402 884 483 τῷ
903 396 1106 484 προκαθημόν
1158 398 1210 479 καὶ
1230 392 1320 463 διδό-

152 505 256 549 σκοντι
275 482 330 548 τόν
346 478 456 569 χορόν,
490 480 562 546 ἀλλ’
587 480 680 557 αὐτὸς
700 482 779 547 πολι)
799 477 919 548 τοότων
938 420 1141 570 ἀτακτότερός
1161 484 1226 548 ἔστι
1244 486 1325 561 θεας

151 563 218 651 τῆς.
260 567 454 634 Haecautem
466 566 600 632 Thracia
613 588 710 649 sacra,
732 573 764 632 ut
782 568 922 657 pleraque
943 588 1018 653 quae
1039 569 1076 633 ab
1097 568 1209 633 exmris
1225 565 1324 633 Grac·

153 653 181 718 ci
208 653 393 736 asciverunt,
426 653 554 717 maximo
576 652 714 717 tibiarum
741 653 865 742 strepitu
886 660 1147 753 tympanorumque
1167 652 1194 717 cl
1276 672 1324 735 re,

152 737 257 823 quibus
277 737 535 802 uehementissime
555 744 808 802 commoverentur
828 738 970 805 animi'et
982 738 1190 827 supershtione
1208 736 1250 801 im
1271 756 1324 801 ue·

152 827 276 902 rentur,
302 820 451 887 celebrato
472 843 540 887 esse
560 822 712 911 probabile
733 828 793 904 est,
821 843 886 887 curn
907 844 943 887 ea
964 844 1065 905 sacra,
1095 843 1169 909 quae
1190 843 1210 885 a
1228 820 1325 887 maio-

151 907 235 971 ribus
257 905 366 971 Graeci
386 912 577 997 acceperant,
596 906 687 972 hilari
707 907 837 971 citharae
850 914 953 991 cautu,
974 913 1134 996 temperato
1144 906 1233 970 tibiae
1246 912 1325 971 stro-

151 993 232 1080 pitu,
273 990 463 1079 lepidissimis
491 991 623 1074 choreis,
664 991 841 1056 carminibus
869 991 1048 1057 solemnibus
1077 991 1251 1081 gauderent.
1279 1024 1324 1041 -

152 1075 204 1142 Ad
224 1097 340 1140 sacrum
360 1076 508 1157 furorem,
543 1096 599 1160 quo
624 1076 729 1164 perciti
749 1082 851 1159 erant,
883 1078 933 1162 qui
953 1075 1118 1142 Bendidem
1137 1074 1325 1141 veneraban-

152 1168 218 1244 tur,
234 1161 367 1309 pertinet
386 1160 464 1247 quod
483 1159 609 1225 Photius
636 1161 767 1225 servavit
807 1207 815 1224 .
838 1160 912 1242 183,
935 1163 970 1226 1:
1012 1156 1179 1245 Κόρηρον·
1200 1160 1324 1245 Κρατῖ-

108 1248 112 1268 ’
152 1270 205 1321 νος
264 1241 405 1334 ρρότταις·
440 1247 495 1308 τόν
520 1239 730 1330 θεοφόρητον·
793 1268 866 1319 ωνες
894 1246 929 1309 δέ
953 1245 1006 1310 τὸν
1031 1240 1251 1332 μητραγόρτην
1270 1242 1325 1309 cat

152 1326 265 1415 ydttov
290 1334 346 1393 νῦν
365 1324 569 1410 καλοόμενον·
603 1329 699 1405 οὕτως
719 1331 902 1412 Σιμωνίδης.
943 1329 991 1395 Eo
1012 1336 1109 1396 autom
1129 1329 1251 1395 nominc
1270 1328 1324 1393 bo·

152 1414 248 1481 mines
269 1412 415 1479 Bendidis
436 1413 644 1501 superstitione
665 1420 816 1503 correptos
834 1413 977 1503 appellari
998 1415 1118 1479 minime
1138 1415 1245 1479 mirum
1266 1416 1323 1495 cst,

153 1498 386 1585 quandoquidem
412 1499 499 1563 etiam
528 1499 596 1587 ipsa
621 1498 735 1563 Boudis
756 1520 964 1583 nonuunquam
984 1498 1101 1564 videtur
1120 1496 1260 1580 Κορήβη
1279 1496 1325 1563 di·-

153 1590 202 1648 σόα
221 1604 305 1664 esso,
325 1582 385 1648 vid.
406 1583 593 1670 Hesychius:
636 1578 770 1665 Κυρήνη
791 1585 842 1647 καὶ
867 1585 999 1667 Θρηΐκη.
1019 1583 1149 1647 Bata·
1180 1579 1272 1667 ἄλλοι
1289 1580 1323 1647 tt

146 1665 301 1754 Ἄρτεμιν.
323 1667 373 1732 ubi
393 1667 602 1756 corrigendum
623 1669 774 1732 existimo:
799 1664 935 1750 Κυβῆβη
950 1668 1097 1752 Θρηΐκόη·
1120 1666 1246 1743 Bruta·
1267 1662 1323 1731 dl-
1358 1728 1361 1733 ,

152 1757 202 1817 λοι
224 1752 273 1831 δι’,
299 1747 451 1838 Ἄρτεμιν.
483 1760 516 1817 ut
535 1758 623 1841 poeta
642 1752 743 1817 nescio
765 1753 830 1837 quis
850 1751 969 1817 Bendin
989 1752 1141 1817 vocaverit
1160 1744 1323 1817 Thracium
1352 1762 1355 1767 '

153 1835 314 1925 Cybeben:
335 1837 396 1903 nisi
415 1837 501 1904 malis
521 1838 667 1903 scribere:
709 1833 863 1923 Κυρήρη·
886 1837 1008 1928 Θρᾷκες
1027 1836 1151 1917 Blados,
1179 1831 1271 1901 ἄλλοι
1289 1832 1323 1903 tl

144 1919 163 1948 θ’
304 1927 320 1958 ιι

145 1923 345 2072 Αρτᾳὲόόιόο
372 2030 412 2072 an
439 2006 581 2074 Cratinus
610 2007 699 2071 etiam
727 2005 802 2087 elia,
835 2026 909 2091 quae
934 2027 990 2095 per
1014 2025 1049 2070 se
1070 2027 1089 2070 a
1108 1980 1255 2073 Bendidis
1274 2024 1324 2071 ro·

151 2091 267 2180 ligione
287 2091 387 2156 ahena
407 2097 509 2173 erant,
536 2095 656 2179 propter
676 2089 897 2154 similitudinem
917 2090 976 2154 huc
995 2088 1193 2157 transtulerit:
1223 2090 1324 2176 itaquo

152 2178 283 2242 fortasse
304 2195 345 2239 ex
364 2175 421 2239 hac
447 2173 598 2239 comoedia
625 2174 683 2239 duo
704 2173 844 2238 versiculi
864 2179 935 2238 suut
982 2174 1061 2256 otiti,
1093 2196 1165 2260 quos
1192 2173 1325 2241 servavit

152 2259 339 2350 Hephaestio
359 2280 389 2348 p.
410 2257 454 2325 56
474 2264 525 2322 tan
543 2279 611 2322 uma
632 2258 797 2347 exemplum
828 2258 915 2326 metri
934 2195 1114 2344 Phalaecci,
1141 2281 1199 2325 nec
1217 2264 1327 2351 poclm

152 2366 210 2411 nec
229 2342 349 2408 fabulae
369 2343 489 2408 nomine
510 2364 528 2406 a
549 2343 639 2407 'ector
1277 2356 1280 2363 '

236 2423 338 2513 Χαῖρ’Ι
362 2418 617 2513 ὦχρυσοκέρυις,
651 2420 813 2508 ραρόκτα,
844 2421 955 2511 adimo,

237 2509 326 2590 Πόν,
350 2510 545 2597 Πελασγικόν
558 2510 668 2597 Ἄρηος
688 2507 875 2593 ἐμβατεύων.

153 2598 208 2665 sed
236 2597 354 2665 Cratini
373 2598 448 2662 haec
472 2618 541 2662 esso
562 2597 647 2661 docet
667 2604 768 2661 auctor
787 2595 919 2685 Etymol.
939 2595 984 2663 Μ.
1005 2618 1035 2686 p.
1057 2598 1130 2681 183,
1151 2596 1212 2665 loz
1253 2600 1326 2663 Βα-

153 2680 285 2767 adurar,
308 2678 474 2766 ὄρχόστης,
501 2677 608 2760 λάλος,
634 2677 807 2765 μανιώδης,
833 2678 1018 2765 βακχεότης·
1039 2682 1156 2768 λόχεται
1176 2681 1212 2747 δὲ
1230 2678 1325 2749 nott

152 2765 245 2834 Πόν·
276 2770 447 2853 Κρατῖνος·
480 2768 582 2852 Χαῖρε
599 2766 777 2851 χρυσοκόριυ
802 2762 948 2848 ραβόκτα
969 2763 1070 2850 κη’λιον
1089 2762 1173 2832 Πόν.
1218 2766 1326 2833 Rutuli

153 2860 251 2919 autem
271 2851 346 2916 haec
372 2851 410 2916 ad
437 2851 610 2933 Thressas,
642 2872 813 2937 quamquam
841 2851 970 2916 fortasse
997 2873 1037 2917 ex
1061 2852 1161 2919 Idaeis
1188 2850 1238 2917 vel
1263 2850 1326 2939 clip

152 2939 255 3003 fabula
274 2937 367 3026 petita
386 2941 473 3001 sunt:
515 2936 611 3001 Panis
638 2944 734 3001 autem
761 2935 871 3023 rehgio
898 2944 929 3001 ot
953 2937 1020 3024 ipsa
1044 2936 1248 3001 uehementius
1267 2936 1326 3023 ho-

152 3022 264 3087 minum
285 3021 399 3086 animos
421 3021 641 3102 commovebat,
671 3023 714 3085 itu
738 3028 771 3086 ut
796 3028 876 3085 recte
902 3021 1080 3086 Plutarchus
1101 3023 1134 3086 in
1154 3020 1276 3085 Erotico
1297 3042 1326 3087 c.

154 3108 197 3173 16
218 3128 282 3171 eam
305 3127 369 3170 oum
391 3105 544 3170 Bacchicis
565 3112 596 3171 ot
613 3104 748 3194 Magnae
768 3106 871 3171 matris
892 3106 987 3171 sacris
1009 3105 1238 3196 comparaverit:
1273 3104 1325 3193 Tb

152 3192 188 3257 δὲ
207 3196 351 3273 βακχεῖον
371 3190 405 3254 ἐκ
425 3186 592 3268 Διονύσου,

237 3275 326 3357 liciat
347 3271 543 3361 Κυρβάντεσι
562 3269 739 3361 χορεύσατε,

153 3361 232 3448 φησὶ
252 3362 427 3446 Σοφοκλῆς·
463 3357 504 3426 τό
530 3358 589 3444 γὰρ
614 3364 747 3446 μητρῷα
767 3360 818 3426 καὶ
839 3358 954 3424 πανικὰ
974 3365 1113 3424 κοινωνεῖ
1127 3365 1193 3435 scic
1210 3362 1326 3445 βονχος

153 3454 220 3522 κοῖς
241 3443 429 3530 ὀργιασμοῖς.
449 3445 547 3595 itaoppe
567 3444 636 3509 Pau
657 3466 868 3545 saepenumero
889 3466 955 3511 cum
974 3451 1069 3510 matre
1089 3443 1234 3526 Deorum,
1257 3462 1328 3537 cum

153 3530 381 3618 corybantibus,
415 3551 480 3595 cum
534 3535 632 3612 ecato,
669 3529 737 3593 alins
764 3530 962 3618 componitur,
1000 3530 1060 3595 vid.
1101 3528 1168 3594 lura
1187 3526 1327 3617 exempla

154 3616 232 3706 apud
243 3614 429 3680 Winckelm.
449 3614 488 3680 ad
507 3613 589 3681 Plut
609 3635 639 3705 p.
660 3614 733 3680 173.
774 3612 904 3701 Athenis
926 3620 1023 3682 autem
1044 3636 1060 3679 c
1091 3612 1258 3680 tumPanis
1273 3634 1327 3705 ro·

223 3902 252 3969 a)
285 3893 399 3970 Κυρήρη
424 3898 532 3954 omnino
553 3918 602 3971 pro
626 3892 740 3968 Κυρήνη
761 3899 927 3955 scribendum
952 3905 1007 3956 cst:
1040 3898 1120 3955 simili
1141 3914 1233 3955 errore
1251 3896 1327 3955 intra
1357 3942 1360 3949 .

154 3962 289 4037 Κόρικος·
316 3964 332 4021 ό
348 3961 534 4040 κατεχόμενος
549 3971 582 4039 τῇ
596 3969 681 4043 μητρὶ
698 3968 752 4021 τῶν
766 3969 852 4020 θεῶν.
873 3985 925 4024 scr.
941 3961 1070 4037 Κόρηρος
1084 3974 1113 4022 et
1128 3984 1209 4038 supra
1224 3967 1326 4049 Κυρη-

154 4042 218 4091 καῑ·
247 4040 441 4109 θεοφορεῖται,
469 4051 538 4105 κορυ
556 4036 645 4103 αντιᾷ.
674 4052 726 4091 νοτ.
742 4035 867 4104 Κυρηρᾷ.
891 4042 919 4090 et
934 4052 1026 4091 rursus
1041 4027 1169 4102 Κυρήνη·
1197 4029 1217 4100 ἦ
1255 4050 1325 4113 ητηρ

154 4106 211 4158 τῶν
225 4104 301 4158 θεῶν
317 4104 365 4156 καὶ
380 4098 398 4170 ἡ
411 4100 528 4173 Ἀφροό
538 4121 579 4169 τη.
595 4120 646 4157 scr.
664 4095 787 4172 Κορὴρη.
822 4103 867 4163 Cf.
886 4104 998 4159 Photius
1020 4122 1049 4175 p.
1065 4103 1126 4170 182,
1142 4103 1192 4159 192
1224 4053 1326 4169 όνβη-

153 4172 222 4241 ρᾶν·
239 4175 405 4256 μαίνεσθαι,
423 4170 581 4224 trouveras.
598 4178 626 4225 et
641 4164 782 4239 Κόρηρος·
800 4165 815 4224 ό
832 4164 1016 4243 κατεχόμενος
1032 4169 1063 4243 τῇ
1079 4168 1317 4244 purpurantem

111 4296 114 4301 ,
155 4245 337 4310 θεοιρορητος.
372 4232 478 4310 Χόρων
495 4237 526 4290 δὲ
544 4232 559 4317 a}
575 4234 774 4310 Λαμψακηνὸς
797 4234 830 4295 ἐν
852 4232 994 4315 τῇπριότη
1010 4234 1060 4306 τὴν
1072 4234 1251 4313 Ἀφροδίτην
1265 4204 1325 4291 bul

157 4310 279 4381 Φρυγῶν
295 4308 343 4360 καὶ
358 4306 613 4376 Λυδῶν-Κυρηρην
629 4308 770 4377 λέγεσθαι,
