2760 4792
340 210 401 275 on
421 209 564 284 annua
584 207 772 277 couonu.
794 184 903 276 aru.
922 206 1067 284 aurio.
1218 211 1283 277 νον

118 379 166 443 nbi
189 376 374 443 scholiastae
399 379 490 443 multa
515 384 625 442 temere
647 375 799 458 effutiunt,
825 376 926 440 insunt
952 383 1049 441 tamen
1075 375 1179 460 etiam,
1205 397 1280 462 quae

116 472 197 528 recte
219 464 365 551 disputata
386 485 453 527 esse
475 463 645 544 videantur,
667 463 709 531 uti
729 462 816 526 illud:
846 462 934 536 Τινὲς
955 463 991 524 δι’
1010 486 1104 546 φασιν
1126 465 1167 536 εἰς
1188 464 1279 545 Κρο-

117 558 199 611 τῖνον
220 551 424 628 αἰνίττεσθαι,
467 545 508 622 ώς
530 554 657 611 τοιαῦτα
686 552 830 610 ποιοῦντα
857 544 1014 627 δράματα·
1058 544 1223 611 ἐπεπόλασε
1246 549 1279 610 δέ

115 638 215 697 τοῦτο
236 629 302 696 τότε
328 631 365 696 τὰ
387 630 543 716 λήμματα.
586 640 616 697 et
641 632 736 696 infra:
776 629 955 708 Ἐπιπόλοζε
978 630 1044 713 ’γὰρ
1067 628 1140 712 {adra
1168 637 1276 707 τοῦτο,

111 713 265 801 Ἡρακλῆς
292 723 400 785 πεινῶν
421 721 470 780 καὶ
492 714 646 792 Διόνυσος
672 716 769 790 δειλὸς
796 719 845 778 καὶ
866 715 973 796 μοιχὸς
994 712 1086 791 Zaa,
1129 712 1204 779 ὥστε
1227 720 1277 779 καὶ

115 800 228 875 abacta
256 805 354 865 δοκεῖν
379 801 536 882 ἄχθεσθαι
565 802 639 889 (leg.
661 801 792 866 fortasse
814 799 907 875 αὐτὸς
936 801 964 864 b.
987 823 1012 864 e.
1033 800 1277 890 Aristophanes).

114 885 198 960 Quod
219 885 270 950 ille
292 887 362 951 dicit
382 887 611 975 Aristophanem
634 885 786 952 Cratinum
807 886 988 974 potissimum
1012 895 1133 967 notare,
1173 907 1275 950 verum

114 972 263 1035 arbitror:
305 969 524 1061 Aristophanes
565 970 642 1035 enim
681 971 730 1034 ubi
763 971 886 1059 primum
926 970 956 1032 iu
995 970 1120 1034 medium
1154 970 1275 1057 protulit

112 1055 240 1136 fabulas,
262 1058 455 1121 saoconlisus
476 1056 608 1142 ingenio,
631 1053 784 1120 Cratinum
798 1055 996 1154 potissimum,
1013 1075 1095 1139 quem
1119 1075 1275 1119 senescere

112 1140 379 1222 animadvertisset,
401 1148 564 1240 aggressus
587 1148 632 1203 est
653 1148 682 1203 et
703 1162 776 1226 quae
797 1161 828 1202 ru
851 1160 886 1204 eo
909 1140 965 1203 sibi
986 1139 1090 1202 vitiosa
1105 1139 1275 1204 viderentur

111 1246 222 1312 magna
249 1224 383 1290 libertate
410 1248 471 1290 oris
504 1248 536 1289 re
558 1225 694 1289 rehendit
724 1225 820 1308 itaque
847 1225 910 1288 eiua
942 1225 1156 1304 auctoritatem,
1200 1243 1273 1307 quae

112 1316 180 1373 tunc
202 1331 314 1373 summa
335 1322 414 1390 erat,
436 1311 520 1374 admo
544 1332 589 1373 um
611 1309 807 1374 labefactarit.
840 1307 879 1372 Et
899 1309 1016 1373 videtur
1037 1330 1109 1373 sane
1132 1307 1272 1374 Cratinus

110 1393 182 1458 talia
208 1416 242 1457 ar
267 1405 382 1459 omenta
407 1398 597 1474 tractavisse,
639 1395 682 1457 ita
708 1393 847 1457 Herculis
878 1394 1022 1457 voracitas
1052 1399 1273 1480 repraesentata

110 1478 167 1543 luit
188 1479 219 1541 in
240 1416 393 1561 busiride,
422 1501 478 1563 quo
499 1480 626 1586 pertinet
647 1479 697 1542 ille
718 1500 822 1542 versus
845 1479 920 1565 apud
940 1478 1092 1543 Pollucem
1111 1476 1150 1544 Χ.
1171 1478 1229 1542 82:

190 1559 228 1626 ‘O
247 1570 325 1643 βοῦς
347 1567 455 1636 ἐκεῖνος
472 1588 514 1644 χη
535 1560 626 1643 μώγις
647 1565 697 1624 καὶ
720 1560 864 1646 τᾶλφιτα.

76 1677 80 1686 ·
110 1647 136 1711 si
158 1648 272 1731 quidem
300 1648 352 1711 illa
377 1647 478 1710 fabula
505 1648 541 1709 ab
570 1647 687 1728 auoque
714 1647 769 1708 hoc
792 1646 915 1710 Cratino
941 1646 998 1710 suit
1017 1647 1195 1733 conscripto:
1238 1645 1270 1710 in

108 1730 390 1816 Dionysalexandro
413 1737 508 1792 autem
530 1728 667 1792 mollities
688 1727 798 1790 Bacchi
818 1750 890 1790 sane
912 1729 942 1790 in
965 1738 1120 1816 conspectu
1143 1730 1269 1794 omnium

108 1816 318 1878 collocabatur:
349 1816 380 1876 in
401 1813 523 1876 Nemesi
545 1811 668 1895 denique
688 1810 768 1874 lovis
791 1811 963 1874 adulterium
985 1813 1187 1877 exhibebatur.
1231 1813 1271 1877 nt

106 1900 228 1963 suerunt
252 1900 381 1963 sortasse
409 1897 484 1960 aliae
506 1895 623 1962 Cratini
648 1895 831 1977 couroediae,
856 1916 929 1980 quae
956 1895 987 1957 in
1015 1896 1160 1960 consimili
1181 1919 1270 1984 argu-

106 1991 206 2047 mento
227 1991 362 2046 versatae
384 1989 467 2046 sunt:
499 2003 600 2045 verum
623 1980 757 2065 quoniam
783 2001 878 2064 neque
904 1979 997 2067 primo
1025 2000 1119 2064 neque
1141 1981 1269 2045 secundo

105 2066 236 2155 praemio
260 2067 369 2153 dignae
396 2073 481 2130 erant
501 2066 634 2145 habitae,
662 2063 799 2136 continno
827 2073 877 2127 aut
898 2065 933 2127 ab
962 2064 1025 2151 ipso
1047 2071 1133 2151 poeta
1153 2063 1269 2129 deletae

107 2161 237 2215 autnon
258 2152 299 2214 ita
320 2151 409 2215 multo
430 2156 497 2238 post
516 2150 663 2213 oblivione
685 2149 868 2212 oblitteratae
889 2156 966 2211 sunt.
997 2146 1106 2216 Verum
1128 2146 1268 2214 Cratinus

108 2257 170 2299 cum
191 2236 265 2299 haec
287 2245 460 2321 argumenta
480 2242 634 2314 tractaret,
662 2255 722 2296 seru
744 2255 778 2297 er
799 2245 895 2297 tamen
917 2233 1004 2297 altius
1026 2233 1093 2318 quid
1115 2234 1267 2333 spectavit,

106 2321 136 2384 id
158 2320 234 2405 quod
260 2320 349 2384 ceteri
376 2319 478 2383 cortici
503 2327 606 2406 poetae
633 2255 770 2402 aequales
799 2339 858 2381 non
880 2325 1034 2381 curarunt:
1076 2317 1267 2383 nibilominus

107 2403 322 2491 Aristophanes
346 2401 498 2468 Cratinum
525 2410 643 2491 praeter
670 2409 783 2466 ceteros
811 2403 867 2465 boe
892 2401 1009 2466 nomine
1029 2402 1145 2466 videtur
1166 2425 1267 2490 repre·

106 2486 254 2553 hendisse.
275 2488 319 2552 At
334 2488 398 2575 ipse
420 2509 531 2573 qnoque
545 2487 684 2552 Cratinus
707 2508 798 2572 aegre
811 2486 886 2566 tulit,
908 2486 981 2570 quod
1005 2486 1141 2571 aequales
1162 2495 1267 2574 poetae

107 2578 163 2637 tam
185 2574 298 2637 abiecta
314 2581 349 2651 ,et
368 2573 417 2636 ille
438 2572 487 2635 ida
507 2571 704 2660 spectantibus
729 2592 782 2657 per
802 2578 868 2633 etuo
890 2571 1095 2657 propinarent,
1123 2591 1178 2658 quo
1200 2592 1267 2661 spe·

107 2664 184 2722 etant
204 2657 256 2720 illa
277 2678 349 2740 quae
371 2594 538 2721 Scioliasm
558 2654 766 2742 Aristophanis
783 2592 860 2719 hac.
881 2676 909 2719 v.
927 2657 991 2722 740
1012 2653 1117 2720 efferta

183 2738 261 2803 Ὑπὸ
284 2740 314 2803 d’
334 2738 521 2824 Ἡρακλέους
542 2745 701 2813 πεινῶντος
722 2740 768 2802 aa

128 2841 134 2847 '
189 2825 299 2889 Τούτὰ
321 2829 371 2888 καὶ
393 2823 585 2902 σκώπτοντος
607 2822 642 2889 οὗ
663 2820 775 2906 βιωτόν
797 2823 924 2909 tanae)
1031 2898 1034 2903 Ι

106 2979 405 2992 -—--—--——--

172 3060 198 3128 ·)
219 3062 368 3127 Legebatur
384 3063 534 3130 Κρατῖνος·
555 3054 610 3111 ὑπὸ
628 3056 659 3110 δὲ
673 3055 839 3129 Ἡρακλέους
855 3059 1005 3118 πεινῶντος
1021 3051 1101 3128 οἴγειν
1117 3058 1200 3111 τοῦτο
1217 3076 1265 3110 κιι,

103 3121 276 3186 σκώπτοντος
299 3127 330 3179 οὐ
354 3121 479 3180 Βοιωτόν
501 3128 583 3179 ἔστιν.
624 3129 757 3180 Porsonus
780 3129 813 3179 ad
836 3128 929 3196 Eurip.
947 3129 1038 3180 Hecub
1068 3129 1155 3184 Praei.
1179 3129 1264 3180 LVlll

101 3212 154 3249 οοιι
166 3203 301 3265 perspecta
314 3197 363 3248 loci
381 3196 512 3248 sententia
522 3196 626 3264 scripsit
640 3196 822 3263 σοοβοιωτῶν,
839 3197 909 3263 quod
920 3212 984 3248 sane
997 3196 1064 3248 dixit
1073 3196 1130 3264 ipse
1140 3195 1264 3249 Cratinus

101 3266 170 3334 apud
188 3265 276 3317 Sebol.
294 3265 402 3317 Pindari
420 3265 524 3333 Olymp.
543 3265 586 3318 Vl.
604 3264 669 3316 151:

142 3413 145 3417 Ι
205 3334 287 3399 Οὗτοι
303 3346 329 3400 δ’
350 3348 422 3399 εἰσὶν
439 3349 614 3413 cooperuerat,
637 3337 862 3417 κροοπεζοφὸρον
878 3347 958 3413 γένος
974 3341 1093 3417 ἀνδρῶν.

101 3447 191 3484 verum
208 3431 273 3484 haec
290 3431 420 3484 sententia
436 3431 591 3499 requiritur:
609 3447 688 3496 „non
705 3430 815 3499 amptius
833 3431 984 3482 tolerandae
1001 3436 1063 3481 suunt
1079 3429 1140 3481 illae
1157 3446 1263 3482 comoe-

101 3499 174 3565 diae,
209 3500 237 3551 in
261 3500 354 3568 quibus
378 3516 481 3567 semper
503 3501 629 3551 Hercules
653 3501 769 3551 esuriens
793 3506 871 3575 atque
894 3497 989 3562 frigida
1011 3497 1118 3549 dicteria
1140 3497 1263 3550 effutiens

100 3567 267 3619 entibeturf‘
304 3571 392 3636 ltaque
409 3567 502 3635 scripsi
520 3563 589 3630 σἰεί,
613 3567 665 3618 nisi
682 3567 749 3619 forte
767 3566 841 3618 malis
859 3556 965 3632 ἄγον,
983 3565 1077 3616 deinde
1095 3559 1198 3615 ταύτὰ
1215 3565 1263 3615 καὶ

101 3628 288 3698 σκώπτοντος,
323 3635 348 3686 h.
368 3652 391 3686 e.
416 3635 460 3702 qui
484 3635 574 3685 eadem
600 3650 703 3702 semper
724 3635 831 3685 dicteria
855 3633 963 3700 repetit,
997 3633 1067 3700 quod
1092 3632 1206 3701 pertinet
1228 3633 1262 3684 ad

100 3701 247 3767 Megaricos
264 3703 323 3754 illos
340 3703 459 3754 inficetos
476 3701 563 3765 iocos,
581 3703 613 3753 de
630 3702 723 3770 quibus
741 3702 842 3753 dicetur
858 3701 940 3753 iufra:
965 3701 1098 3769 particula·
1109 3707 1197 3752 autem
1214 3699 1263 3750 aab

101 3776 141 3821 eat
157 3771 316 3838 postposita,
341 3772 393 3822 vid.
412 3769 577 3821 Diodortium
600 3771 632 3820 ad
649 3768 780 3837 Aristopb.
800 3768 913 3822 Acheru.
931 3785 957 3824 r.
975 3767 1041 3835 sal,
1064 3767 1262 3839 quamquamia

101 3853 155 3890 non
171 3846 242 3890 recte
259 3837 310 3890 huc
332 3838 422 3890 retulit
439 3837 561 3905 Sophocl.
579 3837 705 3901 Antigon.
725 3854 748 3888 v.
767 3836 830 3889 718:

197 3915 272 3970 Ἀλλ’
294 3912 348 3972 εἶκε
366 3921 448 3990 θυμῷ
465 3920 512 3970 καὶ
528 3913 696 3988 μετάστασιν
713 3917 802 3970 dldou.

70 4011 75 4018 '
101 4018 161 4055 nam
179 4004 264 4054 εἴκειν
280 4003 364 4072 θυμοῖ
381 4003 524 4056 rectissime
546 4005 714 4056 dictumest:
741 4001 931 4070 Soplrocles.nt
953 4005 1020 4056 solet
1036 4003 1069 4054 ad
1085 4000 1196 4057 Homeri
1213 4018 1263 4059 ex·
1344 4026 1352 4033 ’

101 4074 215 4140 emplum
232 4088 261 4123 se
279 4071 496 4137 accommodavit,
519 4073 564 4140 qni
581 4074 613 4123 de
631 4075 763 4135 Meleagro
780 4074 882 4139 placato
899 4071 966 4124 dixit
982 4074 1012 4125 ll.
1030 4071 1078 4124 lx.
1094 4070 1160 4128 5972

193 4147 246 4212 Ὦς
263 4147 277 4205 ὁ
295 4153 349 4236 μὲν
364 4155 531 4236 Λϊτοιλοῖσιν
552 4147 698 4227 ἀπήμυνεν
714 4148 800 4206 κακὸν
815 4141 891 4225 ἦμαρ

200 4224 285 4281 Elias
307 4238 328 4287 ῳ
345 4225 438 4291 θομῳ.

103 4286 203 4345 Deinde
218 4291 248 4344 in
265 4288 374 4344 Cratino
390 4285 490 4357 βιωτὸν
509 4306 560 4360 pro
576 4289 667 4360 inepto
683 4290 729 4345 illo
745 4282 870 4342 Βοιωτὸν
885 4285 1000 4344 motui.
