2768 4770
114 239 188 287 vlu

52 480 54 486 .
88 402 238 489 ‘anmi
270 411 450 511 explanare
476 409 567 483 volui
573 460 586 503 ,
607 402 623 443 s
623 408 680 506 qui
710 407 756 480 sit
778 408 920 499 factum,
954 414 991 480 ut
1016 406 1136 483 comici
1159 415 1280 508 poetae

111 538 221 609 rerum
252 512 460 629 praesentem
496 535 617 601 statum
652 525 812 599 acerrimo
845 549 976 622 semper
1014 526 1091 600 odio
1125 528 1281 602 insectati

112 652 200 725 sint:
252 650 363 745 itaque
397 648 468 720 lere
501 646 712 738 adumbravi,
763 644 820 716 uhi
858 644 1063 718 commodum
1095 646 1280 742 ridebatur,

112 794 221 841 rernm
249 775 283 840 et
307 767 518 851 humanarum
545 771 580 836 et
605 761 1054 859 diuinarum'conditionem,
1088 765 1195 862 qualis
1220 767 1282 838 illa

114 896 237 961 aetate.
254 885 356 956 fuerit
380 883 543 974 Athenis,
577 889 615 954 ut
647 887 842 978 appareret,
879 880 957 977 quid
991 883 1199 979 potissimum
1223 884 1284 957 isti

114 1012 234 1103 poetae
261 1002 484 1101 spectaverint
507 1001 543 1073 in
565 998 775 1096 castigandis
789 998 842 1069 sui
867 999 973 1072 seculi
997 1001 1162 1094 moribus3
1187 1011 1285 1076 crant

46 1145 49 1153 ’
114 1112 224 1194 antem
256 1144 335 1192 saue
367 1121 551 1217 permulta,
604 1140 687 1214 quae
719 1117 900 1189 iniustam
931 1117 1139 1194 incurrerent
1162 1146 1286 1219 repre·

72 1241 77 1247 ’
114 1240 319 1312 hensionem.
371 1237 528 1329 Quamuis
569 1236 656 1308 enim
695 1232 840 1307 Periclis
880 1234 965 1306 illud
1008 1261 1145 1336 aeuum,
1193 1241 1294 1313 circa·

117 1358 203 1456 quod
236 1356 337 1429 attica
370 1355 551 1433 comoedia
571 1354 713 1451 primum
744 1352 884 1445 enituit,
916 1354 1015 1450 plane
1047 1359 1217 1456 egregium
1250 1365 1287 1431 et

115 1478 248 1550 beatmn
282 1473 390 1571 possit
416 1473 541 1564 uideri,
591 1496 659 1544 non
691 1480 800 1543 tamen
834 1471 919 1543 illud
950 1473 1036 1546 labis
1071 1483 1124 1549 est
1148 1501 1299 1575 expers„

40 1671 42 1675 ,
118 1593 263 1692 quaein
296 1592 428 1665 occulto
455 1589 605 1687 quidem,
641 1588 742 1662 latius
775 1597 885 1661 tamen
909 1591 975 1663 iam
1001 1595 1112 1690 coepit
1137 1619 1287 1694 serpere.

117 1712 267 1808 Namque
294 1710 445 1802 omnino,
472 1709 597 1805 siquis
623 1708 809 1781 accuratius
835 1733 945 1781 rerum
969 1705 1140 1808 gestarum
1161 1709 1289 1790 memo-

118 1831 202 1904 riam
232 1836 341 1901 mente
374 1827 534 1924 replicet,
574 1825 830 1918 animadvertet,
882 1828 1077 1926 ubicumque
1109 1832 1146 1905 in
1177 1837 1306 1908 rerum(

118 1957 237 2023 nahusa
266 1970 353 2027 nova
392 1946 503 2041 aliqua
539 1943 707 2016 exstiterit
738 1943 983 2047 conformatio,
1034 1949 1096 2020 illa
1128 1949 1219 2024 ellici
1250 1960 1290 2027 ut

121 2091 204 2165 quae
230 2073 328 2138 antea
352 2063 510 2151 florerent
534 2062 736 2159 laetissime,
770 2086 811 2134 ca
835 2062 901 2134 iam
925 2062 1072 2139 funditus
1098 2077 1302 2145 evertantur-

120 2210 161 2259 ac
186 2183 381 2273 laedentur,
417 2204 532 2253 rursus
566 2180 777 2281 autemyhuic
801 2179 868 2278 ipsi
903 2206 1013 2255 rerum
1038 2186 1180 2259 nouitati
1203 2190 1299 2273 alius,

121 2301 290 2376 cuiusdam
317 2297 586 2372 conformationis
612 2297 737 2369 semina
772 2305 806 2371 et
832 2307 1007 2396 augmenta
1037 2301 1167 2399 inesse,
1206 2332 1301 2405 quae,

122 2421 179 2493 ubi
210 2417 428 2491 matumerint
460 2416 606 2513 satisque
632 2415 699 2509 siut
722 2423 820 2488 nacta
845 2417 1031 2512 firmitatis,
1066 2422 1159 2496 illam
1183 2425 1291 2522 ipsam

122 2539 261 2612 formam
285 2535 493 2632 extinguant,
517 2534 578 2622 ¹'uin
602 2540 640 2606 ut
663 2558 770 2631 pauca
787 2534 946 2631 quaedam
969 2538 1167 2613 lineamenta
1186 2544 1300 2619 relin-¹

124 2663 278 2754 quantur.
311 2653 566 2740 ,Adhaereseit
582 2652 670 2725 euim
701 2653 795 2749 quasi
828 2653 984 2728 diuinitus
1017 2658 1115 2732 rebus
1140 2660 1292 2738 humanis

124 2774 292 2872 quoddam¹
311 2773 496 2870 piaculum,
547 2777 585 2843 nt
609 2770 666 2842 nbi
688 2794 798 2843 rerum
822 2775 1066 2871 prosperrimus
1091 2777 1136 2850 sit
1160 2804 1291 2875 cursus,

124 2894 183 2966 nbi
215 2891 324 2973 omnia
355 2889 537 2962 laetissime
570 2888 801 2982 efflorescant,
851 2891 986 2988 inipso
1019 2895 1102 2969 dora
1127 2897 1212 2970 lahis
1237 2899 1294 2972 in·

125 3017 292 3087 crementa
318 3014 415 3106 atque
441 3015 560 3097 causae
587 3007 794 3102 delitescant,
820 3008 869 3081 ita
893 3017 932 3083 ut
956 3010 1023 3085 cito
1050 3022 1169 3101 cuncta
1191 3040 1294 3113 prae·

125 3130 221 3229 cipiti
246 3127 376 3200 turbine
401 3133 492 3199 retro
517 3125 682 3202 labantur.
708 3123 781 3200 Suo
797 3127 902 3220 igitur
925 3127 998 3201 iure
1023 3131 1099 3227 pius
1115 3132 1304 3219 honestus,

127 3272 191 3346 que
217 3245 343 3319 animus
363 3244 467 3338 dolet,
494 3243 583 3342 quod
607 3245 741 3341 antiqua
764 3245 825 3318 illa
849 3270 960 3319 rerum
985 3249 1201 3337 conformatio
1227 3261 1297 3337 tam
1359 3288 1363 3292 ·

42 3442 46 3450 ¹
128 3365 219 3463 turpi
244 3387 324 3438 casu
347 3363 502 3455 intereat,
528 3363 730 3460 praesertim
751 3387 824 3455 cum
847 3363 885 3437 in
900 3390 986 3439 novo
1012 3367 1075 3441 illo.
1100 3370 1179 3471 orbe
1193 3379 1301 3470 atque

129 3482 271 3557 circuitu
296 3481 391 3579 quasi
415 3505 578 3580 praesago
604 3480 712 3555 animo
739 3482 824 3555 nihil
848 3481 977 3557 firmum
1002 3485 1149 3584 nihilque
1176 3491 1296 3573 stabile

129 3600 379 3675 animaduertat.
418 3648 420 3653 -
1165 3623 1182 3691 ᾖ
1199 3665 1209 3692 ‚
1281 3684 1302 3695 Ι,

205 3718 384 3792 ΔΑΙὲοπιιιῐι
415 3743 488 3791 cum
513 3718 593 3810 illo,
627 3717 716 3815 quod
747 3716 844 3793 modo
871 3718 989 3818 attigi,
1025 3722 1210 3799 arctissime
1235 3751 1298 3801 co·

130 3840 265 3929 haeret,
291 3836 501 3910 serenitatem
525 3836 618 3908 illam
644 3836 719 3910 dico
745 3845 843 3934 atque
869 3827 1085 3937 gravitatem,
1106 3860 1196 3938 ⁴quam
1223 3868 1302 3918 curn·
1328 3876 1331 3881 ·

130 3958 167 4031 in
200 3956 320 4029 ceteris
353 3955 507 4051 antiquae
542 3953 731 4028 comoediae
763 3951 1016 4050 monumentis,
1039 3948 1121 4031 ‘tum
1154 3962 1298 4046 maxime

130 4075 167 4147 in
193 4071 323 4147 Cratini
352 4072 536 4145 fabularum
566 4072 716 4169 reliquiis
750 4075 930 4172 conspicua
960 4083 1025 4148 est.
1076 4073 1165 4149 Sunt
1197 4080 1298 4173 enim,

133 4192 204 4290 qui,
230 4191 383 4289 quoniam
396 4189 529 4264 Atticos
554 4197 689 4288 praeter
705 4199 835 4267 ceteros
851 4192 978 4269 facetos
1003 4193 1108 4268 fuisse
1130 4197 1298 4296 multaque
