2768 4770
108 207 151 274 al
487 202 891 289 commhh'ra‘ssomes

134 437 136 444 ,
187 370 244 449 Ὡς
264 368 469 456 Πανελλήνων
489 371 571 452 όδζδς
591 376 634 451 είς
656 369 765 441 Θάσον
784 375 984 463 συνέδραμεν.

67 489 70 492 ·
108 457 151 527 Et
170 459 214 524 sic
235 460 322 524 etiam
343 459 467 524 Pindar.
487 458 591 525 lsthm.
610 457 652 526 ll.
672 461 730 525 38:

159 541 409 693 ΙΙ(Ιίπρροτροφίας
427 567 460 608 τε
481 545 609 626 νομίζων
630 545 663 609 δν
682 540 888 610 Πανελλάνων
909 540 994 632 νόμῳ

110 635 141 694 θλ
207 675 214 692 .
257 632 293 692 7:

192 707 420 777 Πανελλάνεσσι
442 708 475 773 δ’
501 705 664 796 ἐριζόμενοι
686 708 811 802 δαπάνα
827 719 939 797 χαῖρον
957 712 1088 777 λ’ππων.·

109 794 276 862 Admodum
296 818 382 878 raro,
403 795 479 882 quod
505 797 611 879 sciam,
658 796 785 862 edestris
807 799 950 863 orationis
971 799 1133 886 scriptores
1154 817 1181 862 m

109 888 230 962 verunt3
265 882 308 946 ita
333 881 489 946 Phaedrus
509 818 701 971 philosophus
721 881 886 971 Epicureus
908 905 937 971 p.
957 883 1009 948 22.
1031 882 1079 947 ed.
1111 881 1181 949 Pete

106 961 410 1031 Ἔπιδεικνάσθωσαν
437 974 501 1047 τοῖς
526 970 651 1041 πολλοῖς
682 965 735 1031 ἵνα
765 964 861 1048 μόνον
893 968 1027 1051 λέγοντες
1058 963 1180 1031 ἅπαντα

109 1046 255 1128 πολλοός,
289 1050 362 1116 οὐδέ
382 1046 513 1128 πάντας,
546 1047 637 1126 όσους
657 1048 784 1134 ἣ’“κοινὴ
811 1050 900 1138 φήμη
923 1049 1153 1137 παραδέδωκεν,

109 1136 147 1282 ρι’)
170 1132 266 1242 μόνον
293 1133 385 1212 ὅσους
417 1159 514 1223 φασιν
547 1135 577 1201 oi
601 1135 812 1220 Πανέλληνες,
854 1136 933 1201 ἀλλὰ
960 1139 1011 1201 καὶ
1038 1137 1179 1215 πλείονας

128 1246 265 1285 εοντων.
1158 1259 1179 1287 .·

142 1244 160 1306 γ
192 1305 256 1374 Vix
280 1304 375 1392 igitur
401 1301 509 1393 negari
533 1305 657 1393 poterit,
685 1303 840 1370 Cratinum
860 1305 898 1370 ad
918 1304 1093 1372 Archilochi
1113 1327 1181 1371 exer

109 1412 143 1456 se
164 1391 409 1456 conformavissee
453 1389 614 1454 cavendum
641 1397 739 1455 tamen
766 1397 830 1471 est,
862 1413 901 1455 ne
927 1391 985 1455 huc
1005 1392 1170 1474 referatur,

109 1474 221 1563 legitur
246 1475 280 1539 in
300 1472 469 1540 Scholiasta
489 1474 619 1539 Luciani
640 1474 678 1538 ad
699 1474 906 1539 Alexandrum
928 1498 952 1540 c.
975 1475 1005 1540 4.
1026 1476 1058 1540 in
1079 1474 1181 1546 codl

110 1559 190 1642 hom,
211 1559 286 1646 quod
308 1559 400 1623 edidit
420 1557 568 1624 Schubart
586 1559 619 1622 in
640 1559 873 1624 Zimmermanni
894 1560 1000 1625 Diario
1023 1559 1108 1626 1834
1128 1581 1157 1650 p.
1180 1583 1181 1589 ¹

105 1640 201 1730 Ὑπὲρ
221 1641 294 1720 τοὺς
313 1645 501 1727 Κέρκωπας·
536 1632 620 1707 οὗτοι
642 1646 674 1707 έν
695 1645 831 1732 Βοιωτία
853 1645 1018 1730 διέτριβον,
1054 1647 1180 1727 Οἰχαλιε

109 1754 157 1805 τες
177 1729 275 1814 γένος·
297 1724 408 1804 σόλλος
429 1731 479 1792 καὶ
500 1728 665 1812 τρίβαλλος
686 1727 916 1810 ὀνομαζόμενοι,
951 1732 1086 1816 ἐπίορκοι
1106 1731 1159 1795 καὶ
1180 1776 1181 1781 1

110 1810 152 1891 ὥς
172 1817 341 1899 Κρατῖνος,
358 1813 534 1898 Ἀρχίλοχος
553 1816 604 1877 καί
626 1809 777 1894 Διότιμος
1158 1837 1161 1841 ·

193 1897 299 1964 σόλλοι
321 1922 352 1962 τι
373 1899 536 1979 τριβαλλοί
554 1922 586 1961 τε
608 1895 664 1961 δόο
684 1898 910 1979 βαρυδαίμονος
931 1895 1048 1983 άνδρες.

108 1981 304 2050 Memorabile
330 2005 403 2047 sane
431 1990 477 2047 est
500 1983 549 2046 hic
576 2003 688 2067 quoque
716 1981 870 2049 Cratinum
898 2005 962 2047 cum
987 1981 1168 2048 Archilocho

109 2069 180 2151 lari,
209 2068 263 2134 sed
283 2088 390 2132 vereor
411 2089 450 2130 ne
470 2067 500 2131 id
522 2066 662 2131 hocloco
684 2087 742 2130 non
765 2068 837 2131 satis
859 2076 939 2132 recte
961 2069 1000 2134 sit
1020 2069 1146 2133 lactum:
1172 2090 1181 2134 ι

110 2155 188 2218 enim
214 2161 260 2218 est
285 2150 495 2215 Archilochum
532 2157 648 2238 poetam
680 2152 913 2237 antiquissimum
940 2153 1066 2218 medium
1096 2153 1177 2218 inter

108 2240 201 2304 tinum
222 2237 361 2302 comicum
384 2242 414 2298 et
439 2235 600 2299 Diotimum
622 2235 734 2323 epicum
756 2243 787 2300 ut
808 2237 923 2301 videtur
943 2244 1058 2325 poetam
1079 2238 1153 2302 satis
1173 2259 1181 2301 1

108 2329 167 2388 tem
188 2322 225 2385 ab
247 2323 407 2409 interprete
428 2319 557 2384 Luciani
584 2322 817 2384 commemorari:
861 2322 1009 2386 Diotimus
1037 2323 1116 2386 enim
1137 2323 1181 2387 sin

108 2408 157 2472 hio
184 2407 211 2472 is
239 2411 299 2487 est,
331 2405 412 2468 cuius
434 2403 611 2469 Heracleam
639 2403 812 2469 Athenaeus
833 2405 917 2470 Xlll.
944 2429 972 2494 p.
994 2408 1066 2472 ool.
1089 2407 1130 2470 D.
1152 2428 1181 2473 co

109 2499 217 2558 norm
261 2486 411 2569 Διότιμος
437 2487 468 2551 δ’
498 2490 530 2552 έν
551 2493 588 2576 τῇ
604 2484 771 2574 Ἡρακλεία
791 2489 959 2577 Εὐρυσθέα
980 2493 1074 2575 φησὶν
1088 2486 1181 2575 Ἦραν

107 2577 250 2661 γενέσθαι
271 2571 412 2652 παιδικά,
445 2570 549 2654 διόπερ
572 2575 621 2636 καὶ
643 2573 715 2650 τοὺς
735 2554 854 2650 alatum
875 2572 1045 2655 ὑπομεῖναι.
1088 2575 1131 2640 At
1149 2598 1181 2641 ue

107 2661 242 2727 firmatur
261 2661 317 2724 hoc
338 2680 392 2741 eo,
424 2659 500 2744 quod
527 2657 634 2723 Suidas
661 2658 702 2723 T.
723 2659 748 2725 I.
770 2682 798 2748 p.
820 2661 892 2725 908.
915 2661 1063 2725 commode
1084 2682 1124 2726 ex
1177 2663 1181 2725 i

109 2748 241 2810 servavit
260 2766 367 2809 versus
389 2751 465 2825 tres,
500 2744 549 2830 qui
570 2765 634 2808 cum
655 2743 712 2809 hoc
732 2745 878 2809 versiculo
900 2751 971 2808 sunt
991 2746 1182 2833 componendi

107 2832 148 2897 cit
168 2832 262 2895 enimc
305 2825 502 2913 Εὐρύβατος,
531 2823 677 2910 πονηρός·
704 2865 747 2879 -··
774 2829 803 2893 oi
829 2830 863 2892 δὲ
888 2827 941 2893 τὸν
962 2831 1117 2916 Κέρκωπα
1138 2829 1181 2895 chr

109 2936 180 3001 ρον·
200 2910 351 2994 Διότιμος
367 2910 554 2995 Ἡρακλέους
580 2911 705 2988 ι’ίθλοις·
1136 2944 1141 2949 -

192 2999 358 3086 Κέρκωπές
382 2998 419 3062 δ’
450 2998 485 3062 οἳ
511 2997 686 3106 (αἰτβοςοο
718 3017 772 3088 pro
798 2998 869 3081 τοι)
904 2997 1003 3062 πολλὰ
1029 2995 1109 3063 κατδι
1133 3022 1181 3081 τρι

513 3106 674 3158 πατεοντες

195 3172 338 3232 Βοιωτῶν
359 3166 491 3232 σίνοντο·
516 3166 601 3251 γένος
621 3166 652 3230 δ’
676 3163 750 3231 έσαν
775 3168 944 3249 Οἰχαλιῆος,

182 3247 279 3330 Ὧλός
298 3251 327 3317 τ’
350 3249 533 3337 Εόρόβατός
552 3276 600 3333 τε,
623 3248 688 3315 δόω
708 3254 933 3336 βαρυδαίμονες
953 3248 1072 3338 ι’ίνδρες.

192 3339 371 3424 Quamquam
392 3343 488 3401 autom
511 3357 550 3401 ex
569 3337 617 3400 his
638 3337 731 3401 trihus
761 3337 834 3400 locis
856 3359 950 3422 neque
972 3337 1087 3423 quando
1109 3357 1181 3423 nequ

108 3424 219 3488 uixerit
237 3424 386 3488 Diotimus
407 3421 509 3508 colligi
530 3422 590 3486 ullo
612 3429 695 3509 pacto
716 3426 828 3509 potest,
862 3428 961 3486 tamen
993 3422 1031 3487 ad
1058 3422 1181 3487 seriorer

108 3516 196 3573 tatem
222 3508 396 3572 referendus
424 3528 491 3570 esse
519 3506 641 3573 videtur.
684 3504 828 3591 Equidem
855 3506 942 3570 credo
970 3527 1036 3570 eum
1058 3527 1181 3571 numero

107 3594 319 3658 xandrinorum
340 3599 490 3677 poetarum
510 3591 701 3655 inserendum
728 3612 812 3672 esse,
843 3590 873 3654 id
895 3591 971 3675 quod
991 3591 1056 3654 iure
1078 3591 1151 3655 mihi
1171 3614 1181 3653 r

108 3679 249 3765 colligere
270 3699 310 3742 ex
330 3675 477 3742 Macrobii
502 3676 601 3739 verbis
623 3674 662 3743 V.
682 3677 740 3740 20:
783 3677 888 3738 Arati
915 3683 1016 3738 οινάαι
1039 3681 1163 3752 feram·

108 3769 251 3845 elegiam,
278 3771 318 3826 ι’νν
339 3786 402 3844 quo
426 3767 466 3826 cle
487 3764 636 3826 Πίοτίυιο
658 3764 800 3843 quodam
819 3774 921 3841 poeta
941 3769 991 3822 εἰσ
1011 3769 1080 3825 ait:

191 3843 299 3923 Αῖάζω
321 3844 485 3926 Διότιμον,
508 3841 541 3919 ὃς
562 3845 594 3908 έν
615 3843 741 3929 πέτρῃσι
762 3840 897 3926 κάθηται

260 3935 291 3994 Γ
289 3930 445 4017 αργαρέων
467 3930 571 3992 παισὶν
591 3935 673 4010 βῆτα
696 3931 746 3991 καὶ
768 3927 855 4014 ἄλφα
875 3929 979 4013 λέγων.

108 4037 182 4104 quae
206 4016 296 4106 plano
323 4015 429 4080 cadere
453 4014 591 4078 videntur
615 4015 648 4081 in
673 4015 751 4078 hunc
771 4014 942 4078 Diotimum.
984 4010 1090 4077 Fuerit
1109 4013 1181 4113 igitr

107 4101 201 4188 quahs
230 4100 329 4182 Arati,
370 4102 485 4165 uicum
511 4099 615 4186 poesin
642 4100 800 4186 attigisset,
822 4120 903 4163 moro
922 4099 1007 4162 istius
1026 4098 1181 4163 saecuhr]

108 4187 272 4254 lahularum
294 4187 330 4250 de
351 4122 483 4251 lleroule
504 4184 609 4268 uhique
635 4184 834 4272 dispersarum
863 4184 1015 4270 ingentem
1046 4181 1107 4246 vim
1127 4190 1181 4247 et·

109 4279 196 4338 tatem
227 4272 260 4338 in
288 4291 376 4338 unum
403 4269 563 4358 collegisse
589 4275 620 4335 et
644 4289 772 4360 magnae
792 4267 942 4335 doctrinae
964 4266 1047 4357 copia
1066 4267 1181 4335 illustro
