2760 4792
161 226 228 295 398
542 220 946 293 COMMENTATIONES

164 393 292 461 Daedali
313 393 404 480 igitur
429 398 492 456 arte
513 392 643 482 luppiter
663 414 734 459 usos
755 414 820 459 eum
841 392 916 459 alias
936 392 1076 461 mulieres
1096 392 1176 462 falsa
1195 394 1328 485 imagine

165 481 289 569 decepit,
311 486 370 542 tum
390 498 460 541 voro
471 476 598 560 Ledam,
621 498 680 543 non
700 500 824 566 cyanum
838 479 964 565 quidem,
986 479 1062 564 quod
1077 480 1197 545 fabulae
1217 481 1329 567 lerunt,

165 567 229 645 sed„
240 564 350 651 gallum
372 562 525 645 simulans,
555 570 586 627 ut
607 564 686 627 omui
712 564 859 650 gravitate
885 570 916 628 et
936 564 1082 651 dignitate
1103 565 1237 631 detracto
1255 566 1328 655 lopi-

166 651 288 799 dissilrpa
308 649 406 800 iiia?
428 655 496 711 onte
521 649 712 736 spectantium
734 649 833 713 oculos
854 659 1029 737 poneretur,
1055 669 1111 735 quo
1137 650 1328 717 referendum

166 743 213 803 est
262 756 288 799 r.
360 753 369 794 ι
1056 786 1060 791 .

248 817 333 881 Ὠιὸν
352 815 488 899 με’γιστον
507 815 643 893 τίτοκεν,
670 813 714 894 ὡς
734 812 917 901 ἀλεκτρυών.

166 912 198 973 et
216 902 304 969 illud:
348 966 352 976 ,

248 987 359 1051 ’Estote
380 987 491 1048 πολλοὶ
511 990 573 1049 τῶν
597 984 797 1069 ἀλεκτορίδων
816 987 872 1076 βίη

247 1070 409 1152 Ὕπηνίμια
429 1071 581 1134 τίκτουσιν
599 1068 646 1157 piel
666 1066 820 1146 πολλάκις.

168 1181 243 1247 quoe
264 1157 315 1221 nid
340 1156 377 1220 de
398 1154 504 1220 Ledae
530 1162 560 1218 et
580 1155 659 1220 lovis
687 1154 839 1221 concubitu
866 1177 927 1221 non
946 1164 1072 1246 possunt
1091 1157 1250 1246 explicarit
1275 1180 1327 1225 ex·

169 1246 350 1325 hihueratque
377 1240 552 1304 simillimam
579 1240 739 1326 imaginem
768 1243 828 1305 iam
849 1241 939 1306 multo
960 1250 1029 1309 ante
1050 1243 1194 1310 Cratinus
1214 1245 1249 1311 in
1266 1244 1328 1311 No-

171 1329 263 1410 mesi,
278 1326 327 1390 ubi
353 1325 453 1389 itidem
479 1324 611 1410 Iupiter
638 1325 748 1411 gallum
771 1326 905 1408 simulat,
932 1327 993 1393 vid.
1014 1327 1204 1395 Athenaeum
1222 1328 1278 1395 lX.
1297 1350 1327 1417 p.

170 1417 235 1481 373
252 1412 290 1490 λς
319 1410 369 1474 uhi
390 1409 474 1473 docet
495 1346 592 1494 gallos
613 1412 721 1476 eximie
742 1407 872 1494 δρνιθας
891 1412 1007 1478 vocari:
1034 1410 1073 1479 Ὁ
1094 1412 1189 1491 odric
1208 1416 1328 1501 Κροπῖ-

171 1522 263 1575 νοςεν
283 1499 327 1581 τῷ
348 1492 433 1583 αὐτῷ
453 1492 588 1581 δράματι
611 1494 768 1580 (Νεμέσει)
790 1496 900 1579 φησίν·

214 1628 217 1633 .
554 1576 689 1665 ”operae
716 1576 946 1667 φοινικόπτερον

173 1693 210 1732 κο
232 1659 337 1728 πάλιν·

236 1748 372 1833 Ὄρνιθα
392 1750 493 1812 τοίνυν
513 1749 612 1812 δεῖσε
639 1748 796 1832 γίγνεσθαι
814 1748 857 1831 μί
874 1775 922 1813 αν.

175 1844 190 1900 t
209 1835 318 1900 ibidem
347 1856 375 1923 p.
396 1838 460 1901 373
480 1832 519 1898 F.
546 1832 625 1897 aliud
652 1854 691 1897 ex
718 1833 820 1897 eadem
842 1773 959 1899 dirotini
984 1835 1087 1901 lahula
1111 1834 1240 1903 afferturr
1263 1836 1325 1903 fn·

162 1928 325 2068 pmentppm
355 1920 430 2004 quod
452 1918 548 2005 magis
570 1919 657 1982 etiam
678 1939 741 1982 rem
761 1918 905 2001 illustrat,
927 1921 977 1985 uhi
997 1920 1129 2011 luppiter
1148 1922 1193 1987 ita
1210 1920 1325 1989 Ledam

159 2028 221 2071 som
243 2028 259 2069 e
283 2011 325 2067 at:

222 2029 341 2171 ΡΛήδα
361 2087 417 2152 ode
437 2083 537 2172 ἔργον,
560 2087 609 2149 δεῖ
625 2082 657 2149 o’
683 2082 764 2163 ὅπως
785 2083 972 2167 εὐσχήμονος

237 2168 450 2255 Ἀλεκτρυόνος
468 2170 566 2253 μηδὲν
586 2171 707 2244 διοίσεις
719 2171 792 2245 τοὺς
807 2172 950 2255 τρόπους,

240 2254 313 2320 Ἐπὶ
332 2255 407 2343 τῷδ’
432 2252 594 2342 ἐπῴζουά,
618 2250 660 2329 ὡς
681 2253 718 2316 dv
739 2256 871 2340 ίκλίψης
892 2257 986 2323 καλὸν
1059 2332 1062 2338 ,

237 2339 331 2420 Ἡμῖν
351 2365 381 2404 τι
402 2343 453 2404 καὶ
474 2338 658 2420 θαυμαστὸν
679 2339 823 2405 ἐκτοῦδ’
848 2338 961 2422 ὄρνεον.

158 2427 200 2494 Et
220 2426 258 2492 ad
278 2426 359 2491 lovis
380 2447 444 2490 oum
464 2425 553 2490 Leda
574 2425 812 2490 consuetudinem
832 2428 961 2515 pertinet
980 2424 1109 2493 Daedali
1128 2424 1184 2495 lh.
1204 2426 1252 2499 V:

242 2509 368 2587 Πάοαις
386 2513 520 2593 γυναιξὶν
540 2511 573 2585 ἐξ
594 2506 660 2585 ἑνός
680 2509 716 2593 μί
734 2534 789 2574 του
811 2508 927 2594 τρόπου

235 2594 354 2682 Ὥσπερ
375 2598 513 2680 παροψὶς
537 2594 645 2677 μοιχὸς
665 2594 892 2676 ἐσκευασμένος.

159 2684 222 2749 lam
247 2681 335 2746 Ledo
368 2703 430 2745 cum
463 2701 570 2768 pueros
598 2680 782 2768 peperisset,
825 2680 888 2744 eius
914 2681 960 2745 rei
988 2701 1077 2745 eausa
1101 2678 1324 2771 Amphidtomis

159 2767 304 2833 celebrari
324 2764 540 2915 Aristophanes
562 2765 664 2846 finxit,
692 2764 750 2828 huo
760 2764 919 2911 pertinent
939 2787 1013 2852 quae
1041 2764 1116 2854 apud
1137 2764 1322 2843 Athenaeum

159 2851 229 2921 Vll.
250 2873 278 2940 p.
289 2850 352 2917 316
362 2849 399 2914 B.
433 2857 561 2937 eguntur
583 2846 735 2933 (solve
789 2848 806 2913 ὸ
829 2850 863 2913 δὲ
883 2846 1027 2914 πώλυπον
1047 2848 1141 2932 λίγειν
1159 2844 1322 2917 Αίολιτίν

153 2935 286 3005 Ἀττικοὶ
306 2932 365 3019 γάρ
387 2931 563 3000 πουλύπουν
583 2932 735 3016 λίγουσιν·
751 2931 974 3019 Ἀριστοφάνης
994 2930 1161 3021 Δαιδάλῳ·

241 3022 305 3085 Καὶ
326 3018 416 3084 ταῦτ’
440 3019 548 3101 ἔχοντα
569 3016 744 3095 πουλύπους
764 3021 816 3083 καί
836 3020 959 3103 σηπίας.

158 3109 209 3172 καί
230 3101 336 3169 πάλιν·

243 3188 308 3253 Τὸν
328 3185 503 3253 πουλύπουν
526 3182 677 3270 pelope.

157 3278 209 3342 καί
229 3272 336 3339 πάλιν·

241 3360 366 3442 Πληγαλ
387 3356 523 3441 λέγονται
544 3350 704 3420 πουλύπου
724 3354 918 3436 πιλουμίνου.

156 3446 231 3511 haee
253 3444 330 3509 enim
342 3464 463 3533 prorsus
475 3441 911 3540 ilHAtticorumtoonsuetudini
931 3439 1117 3541 conveniunt
1138 3440 1225 3543 Quod
1245 3440 1323 3543 indm

159 3530 244 3681 llll
257 3529 586 3678 illilddlduidl
604 3525 1324 3679 ltadlfflddddldhildltltlhdld

161 3700 264 3788 διίλιρ,
289 3662 422 3783 ideque
444 3697 545 3761 vitium
572 3695 756 3760 eximendum
782 3659 889 3760 oenseh
910 3631 997 3761 elram
1019 3694 1071 3761 alii
1090 3694 1156 3761 loeo
1175 3693 1326 3763 Athenaei

158 3786 229 3850 ibid.
253 3806 292 3897 kp.
316 3784 383 3907 '324
414 3781 464 3845 B:
503 3776 726 3867 Ἀριστοφάνης
760 3775 1086 3867 Θεσμοφοριαζυιίσαις
1116 3817 1160 3833 -
1200 3783 1255 3847 καλ
1291 3780 1325 3847 dv

157 3872 389 4034 Δανοξίλάλιδλια
410 3951 460 4013 καλ
481 3949 619 4029 μαινίδια
640 3950 691 4013 καλ
712 3947 850 4031 σηπίδια.

157 4041 291 4141 corrigas
318 4039 350 4102 lv
370 4035 537 4118 Aethalion:
573 4034 675 4099 eadem
701 4035 847 4118 auctiora,
875 4032 929 4099 sed
955 4032 1074 4099 fabulae
1100 4030 1185 4099 titolo
1214 4034 1326 4101 omisso

157 4126 277 4215 eXthe't
296 4120 407 4186 Ponux
427 4118 467 4186 ss·
488 4122 546 4185 ⁷6·
562 4196 764 4287 Τραπδμενον
784 4203 827 4278 είς
845 4198 967 4287 reddor
991 4205 1097 4285 λαβεῖν

236 4286 388 4374 Ὄσμιίλια
409 4290 461 4355 καί
480 4288 621 4371 μαινίδια
640 4288 693 4353 καλ
713 4286 851 4371 σηπίδια.
910 4364 915 4370 ,
