2760 4792
112 227 176 294 222
493 226 898 298 coofflun'ramoross

200 399 311 460 Ταῦτα
331 397 418 460 δυοῖν
438 397 470 460 ἓν
490 397 571 462 droia
593 394 667 481 ἡμῖν
686 397 776 479 μόλις
796 395 976 483 έξειιονῆθη.

116 489 190 559 Τοῖς
219 481 253 545 δ’
277 479 381 557 ἄλλοις
413 482 444 544 έν
471 480 581 546 ἅπαντι
609 486 668 569 βίῳ
697 484 878 566 προτιθέναι
906 489 982 570 ‹pqoi
1011 494 1152 569 ποιηταῖς
1177 498 1283 570 μιμεῖ-

112 575 199 644 σθαι,
222 563 361 648 δηλονότι
384 561 426 640 ὡς
448 566 558 631 οὐδένα
580 566 767 653 tarataram.
802 567 932 655 Ἕτερος
953 571 986 635 δ’
1009 570 1112 636 αὐτῶν
1127 571 1283 657 Ἡρακλέ-

113 680 166 730 ους
193 648 286 733 ὂργήν
311 650 368 713 τιν’
393 650 471 730 έχιον
495 655 570 735 φησὶ
595 656 747 735 μεγίστοις
768 655 924 740 έπιχειρεῖν
945 661 1008 720 κτλ.
1051 656 1209 725 Hanovius
1230 661 1280 747 qul

112 741 144 805 in
166 736 453 802 Excercitationibus
472 739 536 802 crit.
557 738 589 801 in
611 737 747 804 Comicos
769 761 869 827 graec.
890 763 920 830 p.
937 742 980 807 58
1001 762 1063 827 sqq.
1085 742 1170 809 docte
1191 744 1278 811 οίίαυ

113 825 150 890 de
172 825 226 887 bac
247 820 348 885 fabula
369 820 524 904 disseruit,
551 844 622 887 vere
651 824 763 888 monuit
783 846 904 907 errare,
931 827 980 912 qui
1006 826 1060 890 bos
1090 834 1152 892 tres
1173 850 1280 895 versus

115 909 152 974 ad
174 907 322 972 Chirones
344 907 493 986 reserant3
521 916 668 995 repugnat
688 909 766 973 enim
788 909 836 973 vel
863 910 873 973 i
894 931 929 975 sa
950 910 1092 976 orationis
1114 914 1280 979 conforma·

112 994 170 1074 ti03
202 991 254 1056 sed
276 990 351 1075 quod
375 991 559 1055 scribendum
591 993 733 1092 praecipit
762 931 929 1070 ‹ideddlar
954 996 989 1059 dl
1013 994 1087 1071 τοὺς
1107 998 1277 1083 xum,

113 1086 145 1143 ut
167 1076 308 1143 Cratinus
329 1075 532 1161 significetur,
561 1097 677 1176 priores
705 1085 801 1142 antem
822 1101 928 1144 versus
950 1080 1026 1144 alius
1047 1081 1199 1148 cniusdam
1219 1084 1280 1149 sint

113 1163 232 1243 comici,
258 1161 385 1250 probare
413 1180 538 1243 nequeo:
567 1182 624 1224 ram
651 1162 718 1249 ipsa
738 1160 882 1229 Aristidis
907 1165 1000 1230 rerba
1026 1162 1119 1230 πάλιν
1146 1158 1188 1231 ad
1214 1170 1278 1233 veri

114 1249 212 1313 simile
237 1245 378 1325 reddunt,
405 1244 492 1308 unius
522 1244 709 1330 eiusdemque
739 1259 842 1334 poetae
870 1250 924 1313 bos
952 1271 1021 1315 esse
1047 1271 1169 1334 versus,
1196 1252 1279 1355 isque

110 1334 168 1400 fuit
195 1330 345 1397 Cratinus.
389 1327 518 1412 Ecquem
544 1329 632 1393 alium
659 1331 796 1395 comicum
826 1342 938 1420 poetam
964 1342 1050 1424 putas
1077 1337 1113 1400 ab
1141 1336 1278 1403 Aristide

114 1427 182 1483 ante
205 1414 356 1480 Cratinum
380 1413 540 1477 adhibitum
562 1417 648 1478 essel
676 1414 838 1481 Probabile
858 1418 952 1505 igitur
972 1429 1017 1484 est
1038 1420 1186 1487 rhetorem
1206 1422 1279 1487 solis

114 1501 231 1569 Cratini
252 1507 282 1563 et
304 1498 513 1584 Aristophanis
535 1499 695 1586 exemplis,
723 1520 787 1565 cum
809 1510 910 1567 essent
930 1503 1078 1593 principes
1100 1506 1279 1587 comoediae,

111 1608 196 1652 nsum
223 1605 300 1648 esse.
353 1581 494 1647 Cratinus
526 1584 633 1683 igitur,
667 1594 700 1648 ut
731 1585 815 1648 decet
849 1587 941 1651 virum
981 1589 1113 1655 liberalis
1145 1590 1280 1681 ingenii,

111 1671 277 1761 superbiam
306 1668 419 1732 meritis
446 1676 606 1752 quaesitam
639 1690 775 1751 sumens,
817 1673 917 1737 nescio
944 1693 1028 1759 quam
1060 1674 1192 1741 fabulam

112 1757 197 1824 modo
219 1761 283 1819 erat
304 1774 444 1817 exorsus:

411 1835 649 1918 Ἀφυτνῖζεσθαι
671 1837 825 1917 κομψὸν
842 1838 904 1920 χρὴ
925 1837 1024 1904 πάντα
1045 1838 1173 1924 θεατήν,

190 1921 266 1990 Ἀπὸ
286 1921 342 2000 μὲν
362 1920 527 2004 βλεφάρων
547 1921 764 2003 αὐθημερινιῖιν
784 1932 918 2005 ποιητῶν
939 1930 1033 2007 λῆρον
1054 1925 1181 2011 ἀφέντα.

111 2008 283 2100 Comparari
297 2006 507 2092 quodammodo
519 2013 615 2093 potest
627 2006 814 2072 Pherecratis
826 2030 931 2074 versus
943 2010 1019 2098 apud
1032 2009 1163 2077 Cramm.
1174 2010 1276 2079 netu.

110 2098 151 2164 T.
164 2097 189 2162 l.
211 2117 238 2182 p.
250 2094 325 2172 437,
346 2092 395 2175 qui
417 2099 446 2153 et
459 2093 523 2201 ipse
536 2090 568 2152 in
588 2090 728 2199 parabasi
743 2091 879 2157 similiter
889 2104 1054 2182 spectantes
1075 2092 1274 2185 compellavit:

187 2177 243 2242 “lr'
267 2177 469 2259 ἀφυπνισθῆτ
507 2166 563 2236 οὖν
580 2175 756 2257 ακροιῖσθ’·
776 2174 836 2258 ἤδη
858 2178 915 2263 γὰρ
937 2182 987 2242 καὶ
1009 2180 1143 2260 λέξομεν.

110 2261 248 2346 Κομψὸν
275 2272 370 2325 autem
392 2258 502 2338 adieci,
529 2267 560 2321 nt
581 2279 698 2322 versum
726 2259 907 2347 integrarem
930 2262 1014 2347 (nam
1034 2274 1065 2329 ut
1084 2265 1177 2355 vulgo
1203 2266 1274 2333 stri·

109 2352 204 2431 bitur,
236 2345 263 2410 di
285 2345 416 2409 odiarum
449 2343 624 2407 continuitas
659 2351 705 2408 est
735 2344 912 2434 interrupta)
944 2368 1114 2436 quamquam
1145 2350 1273 2417 lor‘meso

110 2434 190 2501 alind
211 2367 284 2518 quid
301 2429 357 2493 luit
378 2450 397 2492 a
436 2437 502 2493 oeta
523 2430 581 2492 scri
603 2438 679 2509 tum,
710 2428 785 2494 dixit
806 2442 901 2497 autem
923 2432 1059 2501 similiter
1080 2433 1272 2503 Cratiuueiu

107 2521 224 2610 Pylaea
245 2514 320 2605 apud
342 2451 537 2578 Scholiastam
560 2451 695 2578 Platonis
716 2534 744 2623 p
766 2516 846 2581 373:

196 2602 265 2667 O‘r'd‘
290 2591 368 2663 αὖθ’
394 2595 492 2678 ἡμεῖς,
513 2596 555 2674 ὡς
577 2595 593 2662 ὁ
616 2603 747 2674 παλαιος

192 2686 320 2769 Λόγος,
344 2681 537 2763 αὐτομάτους
558 2682 699 2765 ἀγαθοί-ς
720 2685 796 2748 ῖένιιι

191 2775 338 2853 Κομψῶν
359 2770 407 2832 ἐπὶ
429 2770 521 2832 δαῖτα
542 2774 673 2832 daumio.

105 2860 241 2944 idemque
260 2853 337 2944 apud
358 2852 553 2919 Scholiastam
576 2853 711 2918 Platonis
737 2874 766 2941 p.
786 2853 867 2918 330:

379 2939 436 3014 Τίς
457 2939 491 3002 dd
511 2933 565 3015 οὖς
586 2934 709 3019 κομψός
729 2961 775 3012 τις
796 2935 896 3020 έροιτο
917 2932 1042 3019 θεατής.

185 3020 460 3105 Ὕπολεπτόλογος,
481 3020 722 3107 γνωμιδιῶκτης,
744 3021 1114 3107 νῦριπιιῖαριατοφανέζαν.

105 3114 169 3179 Pro
191 3111 333 3177 adlectivo
355 3108 571 3191 αὖθημερινιῖιν
583 3108 676 3172 codex
692 3111 719 3169 Γ
730 3104 792 3170 dat
805 3107 837 3170 θ’
853 3102 1000 3189 ἧμεοινιῖιν
1020 3109 1153 3195 praebet,
1173 3109 1271 3197 imque

105 3198 281 3265 Dindortius
302 3191 364 3258 ἀπὸ
386 3192 416 3257 d'
440 3190 591 3275 ἡμερινιῖιν
610 3192 750 3273 coniecit,
771 3191 824 3256 sed
846 3192 920 3256 nibil
941 3199 988 3256 est
1008 3193 1186 3259 mutandum.
1227 3194 1271 3261 At

126 3284 256 3347 uaeritur
277 3303 330 3354 cur
349 3287 450 3368 poetas
463 3277 604 3344 Cratinus
627 3277 775 3342 vocaverit
786 3274 1027 3358 αὕθημερινοεῖςι
1048 3279 1143 3366 possit
1163 3278 1271 3365 aliquis

104 3305 193 3436 dasilo
215 3367 360 3431 coniicere
382 3364 423 3428 ita
448 3363 590 3452 appellari
613 3370 729 3451 poetas,
756 3362 805 3447 qui
827 3362 927 3425 eodem
950 3361 998 3425 die
1024 3372 1093 3427 ante
1114 3361 1269 3429 Cratinum

104 3453 220 3519 fabulas
243 3450 424 3515 docuissent:
446 3470 567 3533 quorum
588 3447 762 3512 comicorum
783 3466 849 3510 cum
869 3446 957 3510 altum
975 3446 1119 3531 quendam
1140 3454 1270 3513 contem-

104 3546 165 3604 tum
192 3536 319 3625 cepisset
352 3543 451 3622 poeta,
482 3534 564 3597 iubet
589 3540 770 3620 spectatores
794 3531 1021 3619 expergiscere,
1053 3546 1157 3597 somno
1182 3552 1269 3618 quem

73 3682 77 3691 .
102 3623 219 3690 illorum
241 3620 370 3707 ineptiae
390 3617 550 3682 offuderint
570 3617 663 3680 oculis
684 3615 827 3681 discusso.
848 3614 1142 3680 Sortiebantureninr
1163 3624 1270 3706 poetae

101 3709 212 3793 aliquot
232 3714 313 3770 certe
332 3703 396 3767 dies
418 3713 487 3767 anm
507 3702 739 3767 commissionem
766 3700 948 3781 fabularum,
977 3708 1010 3764 ut
1030 3702 1269 3783 coanimantur,

100 3813 157 3879 quo
183 3790 289 3856 ordine
314 3794 417 3853 esseut
440 3786 513 3851 illae
537 3786 688 3874 agendaez
714 3786 746 3850 id
766 3784 842 3871 qnod
870 3784 1062 3873 perspicimus
1088 3806 1130 3850 ex
1148 3784 1268 3853 Aristu-

100 3872 442 4024 phanisdEcclesiazusis
462 3893 491 3937 r.
515 3873 614 3954 1156,
635 3871 686 3935 ubi
705 3878 793 3960 poeta
813 3870 872 3934 sibi
891 3870 1015 3960 primam
1034 3869 1183 3960 obtigisse
1201 3890 1268 3940 tot·-

99 3970 159 4028 tem
179 3961 209 4025 in
231 3960 305 4023 icatr

182 4041 319 4127 Σμικρὸν
339 4039 370 4106 d'
393 4036 573 4105 ὑποθέσθαι
593 4045 658 4112 τοῖς
678 4043 810 4120 κριταῖσι
830 4030 1003 4116 βοίλομαι·

184 4134 260 4204 Τοῖς
280 4135 389 4211 σοφοῖς
408 4124 479 4207 μέν,
500 4130 562 4189 τῶν
582 4127 690 4209 σοφοῖν
708 4119 917 4202 μεμνημένους
937 4121 1048 4206 κρίνειν
1067 4121 1136 4204 έμέ·

184 4218 261 4290 Τοῖς
279 4217 388 4297 γελῶσι
410 4210 441 4275 d'
464 4207 562 4293 ἡδέως
582 4207 633 4271 διὰ
654 4206 708 4272 τὸν
726 4206 825 4290 γέλων
843 4206 953 4291 κρίνειν
973 4204 1036 4287 έμέ

179 4296 296 4384 Σχεδὸν
315 4294 453 4373 ἅπαντας
474 4288 529 4360 οὖν
548 4288 661 4360 reuda
680 4290 806 4377 δηλαδὴ
823 4293 933 4378 mm
951 4288 1016 4374 έμῖ.
