2760 4792
112 204 178 277 206
199 256 202 261 -
490 203 893 275 COMMENTATIONES

113 374 176 443 Sed
197 375 270 442 illud
289 375 357 441 huic
382 372 447 440 loco
467 373 520 438 rix
540 373 631 439 fuerit
650 373 912 440 accommodatum:
939 381 972 438 et
991 374 1048 439 hoc
1067 374 1191 441 verbum
1213 396 1283 441 cor-

113 461 230 549 rnptela
260 461 358 546 aliqua
389 458 524 523 laborare
558 480 592 524 cu
631 467 677 524 est
716 460 904 524 verisimilius
946 479 1003 558 qao
1035 460 1147 525 maiore
1179 460 1282 527 studio

114 546 293 632 geminatum
321 554 508 632 anapaestum
538 543 570 606 in
595 550 764 609 tetrametro
784 545 909 609 iambico
935 552 1030 609 vitare
1056 543 1153 609 solent
1173 546 1281 611 comid

134 638 227 695 cetae.
268 629 411 695 Fortasse
432 628 537 713 aliquis
559 629 709 711 coniiciat,
737 637 769 693 ut
788 629 844 693 boc
865 628 966 695 vitium
989 628 1122 711 tollatur,
1143 629 1283 695 scriben-

113 652 182 780 δυσ]
210 735 279 779 esse
305 716 343 778 ἓν
370 709 525 798 rindorp.-
553 712 669 790 εἴσοδος
695 714 774 779 enim
800 714 951 779 dicebatur
975 714 1083 796 ianua,
1114 736 1170 803 per
1189 734 1282 801 quum

116 800 223 865 chorus
243 799 383 865 introibat
402 799 436 862 in
456 798 649 863 orchestram:
670 799 713 864 ita
731 799 763 862 in
784 798 919 865 Nubibus
939 820 971 863 ν.
994 799 1073 863 325.

468 882 539 945 ΣΩ.
561 882 707 965 Χωροῦσ’
732 874 823 947 abrae
846 881 924 947 πάνυ
946 883 1072 961 πολλαί,

201 965 268 1033 Aul
294 971 356 1033 τῶν
381 967 489 1032 κοίλων
512 969 565 1031 καλ
585 974 647 1033 τῶν
665 969 798 1047 δασέων,
819 958 916 1076 ἱαύται
938 966 1074 1052 πλάγιαι.
1114 968 1213 1035 ΣΤΡ.
1236 968 1285 1035 Tt

796 1077 831 1117 ΐθ
933 1078 971 1116 (λ’

196 1133 253 1211 Ὡς
278 1133 315 1200 ού
340 1138 491 1217 καθαράς
531 1133 604 1199 ΣΩ.
628 1133 724 1220 Harpal
743 1134 800 1219 τὴν
820 1076 969 1201 εἶύδύύιν.)
990 1138 1087 1203 ΣΤΡ.
1098 1132 1184 1221 Ἤδη
1210 1139 1280 1203 νυνλ

115 1312 146 1375 et
164 1305 198 1371 iu
218 1302 334 1370 Avibus
355 1324 384 1367 v.
406 1302 484 1368 295:
794 1226 884 1303 llll&
896 1246 1003 1298 οπως.

198 1391 288 1452 ΠΕῙ.
303 1379 344 1453 Ὠ
363 1382 532 1464 Πόσειδον,
561 1387 619 1468 οὐχ
639 1382 713 1470 δρᾶς
734 1384 806 1453 ὅσον
826 1390 1011 1455 συνείλεκται
1030 1387 1125 1455 κακδν

196 1471 343 1554 Ὀρνέων,·
386 1474 450 1534 ΕΥ.
465 1464 563 1548 Ὦναξ
577 1470 755 1551 Ἄπολλον,
776 1481 830 1539 τοῦ
852 1476 972 1560 νέφους.
994 1473 1042 1539 lori
1063 1471 1124 1540 luri.

194 1557 274 1623 Οὐδ’
298 1559 372 1620 idcir
392 1555 436 1620 ἕν’
460 1555 530 1621 ἴσθ’
554 1553 609 1619 ὕπ’
635 1556 736 1621 αύτῶν
757 1561 926 1640 πετομένων
945 1560 1000 1643 τὴν
1022 1560 1151 1626 elbodone

113 1644 166 1711 ubi
180 1641 361 1708 Scholiasta:
383 1642 513 1719 Εἴσοδος
534 1643 568 1706 δὲ
587 1641 704 1726 λέγεται
724 1632 746 1728 ᾗ
767 1639 784 1707 b
801 1645 894 1733 χορδς
915 1645 1035 1711 εἴσεισιν
1054 1647 1087 1711 έν
1103 1651 1142 1732 τῇ
1162 1650 1277 1733 σκηνῇ·

116 1731 167 1793 καλ
188 1730 220 1793 έν
240 1737 308 1803 ταῖς
328 1724 460 1808 Νάσοις·

385 1814 430 1876 Α.
456 1811 498 1874 Tt
516 1809 555 1875 σδ
577 1811 685 1896 λέχειςς
712 1813 799 1876 Εἰσὶν
819 1812 854 1877 δέ
872 1820 948 1895 πούς

198 1900 238 1962 Β.
259 1896 335 1961 Aidl
358 1897 428 1960 κατ’
453 1896 550 1978 αὐτὴν
570 1894 607 1979 ἢν
627 1897 747 1976 βλέπεις
766 1896 822 1980 τὴν
842 1898 970 1963 εἴσοδον.

113 1982 175 2050 Sed
188 2005 226 2047 ne
247 1983 302 2046 hoc
316 1983 429 2067 quidem
450 1984 589 2069 probatur
610 1982 689 2045 onrni
711 1991 854 2069 exparte:
876 1984 1034 2069 requiritur
1054 1983 1132 2051 enim
1153 1984 1274 2071 aliquid,

113 2090 169 2155 quo
197 2074 298 2156 aperte
324 2066 461 2130 mollities
488 2076 518 2130 et
541 2065 630 2133 foeda
654 2065 745 2131 libido
766 2066 929 2134 Clistbeais
954 2076 1088 2151 notetur;
1116 2070 1274 2159 scripsisse

113 2154 229 2219 videtur
250 2150 406 2217 Cratinus:

414 2236 458 2297 A.
479 2233 598 2315 Ληρεῖς
618 2229 704 2313 έχων.
722 2228 819 2316 ypu'p'
843 2234 960 2301 αύτδν

190 2318 249 2382 Ἕν
270 2317 431 2403 ἓπεισίῳ.
475 2320 512 2380 Β.
535 2320 565 2379 Γ
562 2322 658 2392 ελοΐος
678 2315 763 2381 ibant
776 2320 964 2401 Κλεισθένης
983 2318 1121 2403 κυβεύων

192 2403 244 2467 Ἓν
264 2406 335 2486 τῆδε
356 2409 411 2466 τοῦ
432 2398 562 2478 κάλλους
583 2402 677 2482 άκμῆ.

110 2489 158 2561 Ita
178 2491 256 2555 eninr
282 2469 417 2573 ¹tanquam
440 2490 525 2552 homo
552 2466 738 2553 effeminatus
765 2494 795 2553 et
819 2487 991 2578 profligatus
1011 2491 1161 2557 irridetur.
1202 2492 1275 2603 lpse

151 2583 198 2641 eta
219 2575 370 2664 explicans
391 2574 482 2638 verba
503 2594 683 2660 praegressa
704 2574 866 2658 ἕνέπεισίιρ
888 2574 963 2641 dixit
981 2578 1014 2641 ἓν
1026 2579 1099 2661 τῇδε
1118 2581 1174 2642 τοῦ
1196 2583 1271 2641 ιιιιλ-

110 2598 183 2737 lber
204 2659 302 2745 άκμῇι
325 2659 361 2724 de
382 2659 434 2723 illa
454 2679 526 2722 voce
549 2658 607 2722 vid.
627 2657 738 2722 Pollux
758 2658 798 2723 11.
821 2661 892 2725 17⁰.
915 2660 975 2727 174
996 2669 1026 2726 et
1045 2660 1118 2728 aad.
1139 2660 1270 2749 Etymol.

110 2746 156 2813 Μ.
170 2748 282 2836 pauo,
296 2746 348 2810 56.
370 2743 500 2808 λπεέιιιον
521 2749 627 2819 autem,
650 2763 710 2807 noa
731 2744 860 2807 ἐπέσπον
879 2744 929 2809 vel
949 2747 1063 2810 ἐπίοιον
1082 2746 1268 2813 scribendum

111 2852 178 2897 esse
199 2837 230 2895 et
249 2830 350 2918 optimi
370 2828 486 2894 codices
506 2827 632 2915 probant
651 2834 682 2892 et
701 2827 911 2918 Lycophronis
932 2851 1034 2897 versum
1053 2832 1155 2919 arguit
1170 2832 1270 2901 rasos

186 2912 282 2979 Ὅταν
303 2909 378 2994 κόρη
400 2917 533 2994 κασωρὶς
552 2915 594 2987 εἷς
615 2913 744 2978 έπεέσιον
846 2978 856 2999 ,

192 2995 317 3081 Χλεύην
336 2995 536 3081 ύλακεήσασα
558 3001 622 3061 κτλ.

108 3087 189 3152 Tale
210 3094 305 3150 autem
327 3083 396 3169 quid
417 3083 538 3168 requiri,
559 3082 663 3146 suadet
680 3080 730 3147 vel
750 3080 909 3147 similitudo
930 3081 1006 3147 alius
1024 3105 1131 3150 rusus
1151 3106 1193 3151 ex
1213 3084 1269 3153 bac

107 3173 175 3262 ipsa
195 3170 312 3250 sabula,
341 3169 391 3235 ubi
413 3166 633 3256 Hyperbolum,
658 3167 795 3252 quoniam
815 3166 952 3231 lucernas
973 3168 1131 3251 vendebat,
1156 3170 1269 3259 pariter

107 3263 213 3323 vexata
240 3256 351 3343 legitur
377 3261 473 3318 autem
499 3252 548 3317 hic
568 3273 673 3316 versus
700 3251 777 3340 apud
798 3249 899 3315 Schol
919 3250 1071 3401 Aristopb.
1091 3254 1164 3321 Pac.
1184 3256 1267 3323 675:

100 3339 169 3409 Ὅτι
189 3337 387 3422 λυχνοπάλης
407 3334 630 3422 δὙπέρβολος
650 3372 691 3385 -
712 3338 763 3399 καλ
785 3338 939 3418 Κρατῖνος
959 3338 994 3400 δι’
1029 3340 1203 3426 νΠυτένη’

187 3421 377 3508 Ὑπέρβολον
397 3421 431 3487 δ’
446 3420 622 3502 ἀποσβέσας
643 3421 675 3484 έν
694 3430 759 3495 τοῖς
778 3417 915 3502 λύχνοισι
935 3418 1067 3506 γράψον.

106 3513 149 3577 ita
175 3518 256 3576 recte
283 3509 357 3575 Cud.
379 3507 486 3576 Venet
512 3528 566 3596 pro
591 3506 712 3593 vulgato
740 3501 854 3589 γράψω
878 3506 1058 3606 suppeditat:
1099 3508 1168 3573 hinc
1192 3508 1268 3575 salis

107 3617 253 3684 superque
279 3594 470 3682 perspicitur,
496 3613 588 3680 supra
608 3611 720 3676 quoque
746 3598 827 3655 recte
853 3598 1018 3657 restrtutum
1045 3613 1124 3657 esse:
1166 3591 1264 3678 ypclp’

106 3680 201 3745 αὐτὸν
215 3680 264 3743 Ἐν
284 3680 415 3763 ἐπιιοίιρ.
436 3676 508 3741 Fuit
528 3677 606 3741 euim
620 3673 801 3756 Clisthenes,
823 3675 908 3740 humo
930 3676 1267 3765 mollissimus,Sibyrtii

104 3768 199 3849 filius,
219 3765 297 3851 quod
319 3763 403 3828 docet
421 3759 638 3849 Aristophanes
658 3761 691 3825 ia
711 3760 844 3824 Aebura.
867 3781 894 3825 v.
919 3761 995 3825 117:

188 3854 253 3917 Kal
275 3858 339 3913 τοῖν
358 3848 415 3930 μέν
434 3844 590 3927 εὐνούχοιν
616 3843 669 3909 τὸν
689 3844 792 3926 ἕτερον
812 3846 931 3908 τουτονὶ

185 3934 292 4020 Ἐγῷδ
316 3931 349 4009 dr
370 3934 450 3997 έστι·
472 3930 661 4013 Κλεισθένης
682 3926 698 3993 ὃ
720 3930 897 4011 Σιβυρτίου.

103 4022 182 4091 uude
203 4019 370 4086 Scholiasta
395 4018 432 4083 ad
452 4016 557 4082 Ranas
583 4038 612 4080 v.
632 4016 694 4082 48:
728 4013 917 4096 Κλεισθένης
938 4010 955 4078 ὃ
975 4014 1174 4096 Συμβυρτίου
1195 4014 1267 4100 (Σι.

102 4111 244 4193 βυρτέου)
271 4104 323 4169 ἐπ’
348 4100 523 4186 αῐσχρύτητι
551 4103 755 4187 κωμῳδεῖται·
782 4091 820 4181 ἦν
847 4100 880 4165 δὲ
899 4104 979 4175 λεῖος
1003 4098 1040 4163 ab
1061 4099 1186 4183 γένειον·
1213 4098 1264 4165 διδ

103 4199 154 4259 καλ
182 4188 315 4276 εὐνούχῳ
343 4187 448 4266 εἰκάζει
476 4182 587 4251 αύτύν·
617 4210 672 4267 κως
750 4189 800 4249 ύσι
828 4185 862 4248 δὲ
882 4183 976 4247 arisbe
996 4185 1047 4247 καὶ
1069 4186 1118 4249 tut
1138 4188 1265 4284 τρύπα-

102 4285 241 4365 σχητιάν.
281 4277 374 4345 Pater
393 4275 458 4343 eius
479 4270 630 4359 Sibyrb'us
649 4187 816 4361 plilium
836 4268 1003 4361 praefuisse
1022 4268 1154 4351 videtur,
1172 4269 1265 4357 saqui-
