2760 4792
213 291 215 295 .
309 218 368 286 DE
389 218 532 295 numo
552 217 740 288 COMOED.
759 217 867 287 A‘l'h
886 218 1031 296 humo.
1187 223 1251 290 137

87 408 159 455 reru
180 388 268 454 aliam
286 387 473 477 tetralogiam
487 387 640 477 Euripidis
659 385 745 454 modo
766 386 879 455 docum
900 388 1039 477 elegerit,
1059 388 1170 474 inqua
1189 409 1251 455 non

87 475 229 540 minorem
264 475 370 562 opinor
398 472 634 562 reprehendendi
664 473 817 538 materiam
847 474 1017 562 reperisset
1064 473 1108 538 At
1141 475 1252 540 dixerit

87 559 216 625 sortasse
236 560 379 647 quispiam
399 555 553 647 Telephus
579 559 702 644 siquae
723 557 781 624 elia
801 557 953 647 Euripidis
978 559 1134 646 tragoedia
1158 559 1252 648 digna

86 644 158 725 fuit,
188 664 263 728 qnae
294 643 575 731 reprehenderetur:
612 641 724 721 lateam
757 641 810 708 sed
839 665 1019 731 magnopere
1050 652 1169 726 errant,
1200 644 1251 731 qui

86 728 257 792 existimant
273 727 502 816 Aristophanem
515 729 572 793 hoc
591 728 679 792 unice
700 729 891 828 spectavisse,
912 737 944 793 nt
963 729 1019 793 hoc
1039 728 1150 793 illudve
1164 750 1252 816 prae·

124 820 205 877 stere
225 835 261 878 ac
280 835 421 902 perverse
442 813 548 878 dictum
568 813 601 877 in
623 811 765 900 Euripide
776 813 1018 900 reprehenderet:
1039 833 1161 900 prorsus
1173 815 1252 879 enim

154 897 327 985 adignitate
344 899 480 983 antiquae
501 897 667 962 comoediae
688 898 846 978 abhorret,
866 897 986 962 minime
1006 908 1100 962 autem
1115 899 1254 963 convenit

87 982 221 1073 instituto
247 983 335 1047 huius
360 982 494 1047 fabulae:
527 989 697 1067 quamquam
724 982 780 1046 hoc
807 981 922 1067 quidem
947 982 1033 1067 quale
1058 983 1165 1065 fuerit,
1197 984 1253 1048 ho·

87 1068 183 1131 mines
204 1067 281 1132 docti
308 1068 426 1133 omnino
451 1067 674 1154 ignoraverunt.
704 1065 922 1154 Aristophanes
949 1088 1013 1130 cum
1038 1066 1072 1130 in
1092 1066 1255 1132 Daetalen·

87 1151 170 1216 sibus
192 1152 279 1216 uitam
300 1153 462 1241 privatam,
482 1152 515 1216 in
535 1150 712 1239 Babyloniis
732 1152 864 1240 publicas
884 1173 934 1216 res
956 1151 1120 1238 attigisset,
1141 1153 1199 1216 iam
1220 1153 1253 1217 in

88 1235 336 1302 Acharnensibus-
361 1237 520 1324 imaginem
549 1237 628 1301 vitae
654 1235 882 1301 Atheniensium
918 1237 1085 1325 proposuit,
1117 1257 1191 1322 quae
1222 1242 1253 1302 et

88 1319 176 1386 latins
195 1329 310 1410 pateret
328 1329 358 1386 et
378 1321 475 1410 magis
495 1321 583 1386 etiam
603 1321 685 1411 clara
705 1330 735 1386 et
753 1322 908 1424 perspicua
928 1329 1018 1387 esset
1052 1321 1117 1395 Qua
1137 1321 1254 1406 quidem

89 1403 177 1470 inre
202 1407 335 1471 maxime
355 1407 532 1471 admiramur
552 1417 656 1494 poetae
676 1407 766 1472 animi
798 1405 1029 1495 magnitudinem
1057 1414 1088 1471 et
1116 1413 1255 1471 constan·

90 1490 169 1555 tiam
190 1491 282 1556 'Nam
303 1513 367 1555 cum
387 1491 420 1555 in
441 1490 617 1578 Babyloniis
638 1512 746 1556 seuera
765 1491 975 1579 castigatione,
1002 1491 1134 1556 seiuncta
1154 1499 1254 1556 mmen

89 1574 240 1641 iracundia
261 1583 312 1640 ant
331 1576 521 1656 contumelia,
542 1575 686 1641 adversus
707 1577 789 1641 virus
809 1576 966 1665 populares
987 1597 1058 1640 usus
1084 1583 1181 1657 esset,
1202 1575 1254 1640 ad·
1341 1608 1343 1613 >

88 1662 286 1725 versariorum
306 1661 438 1748 potentia
457 1680 639 1744 nequaquam
659 1660 692 1724 in
712 1661 845 1724 timorem
867 1661 1026 1737 coniectus,
1049 1660 1253 1747 quodquidam
1320 1692 1323 1697 ·

89 1744 234 1809 aiuvene
255 1752 357 1832 poeta,
381 1744 450 1842 ‘qui
474 1749 585 1806 tantam
610 1743 866 1830 praesetulerat
889 1742 1061 1842 modestiam
1081 1744 1255 1810 verecundi·

84 1849 217 1979 tlte
235 1824 1255 1998 tlttatthbtbtffitdtdld’ttttatfltttttddt

87 1997 216 2078 vocavit,
236 1996 312 2082 quud
331 1996 431 2085 populi
449 1995 612 2061 rectoribus
632 1994 845 2074 maledixisset,
866 1994 920 2058 sed
940 1994 1061 2060 frustra
1082 1995 1171 2061 Enim
1185 2017 1255 2062 vero

87 2081 322 2170 Aristophanes,
349 2082 431 2146 cuins
458 2080 586 2146 animum
611 2079 713 2167 optimi
732 2078 849 2144 consilii
870 2079 1050 2144 conscientia
1070 2101 1255 2166 summusque

88 2167 203 2269 patriae
231 2186 313 2231 amor
341 2166 584 2246 obfirmaverant,
625 2162 715 2229 nullis
743 2163 831 2229 minis
859 2164 1050 2252 perterritus,
1084 2165 1166 2229 nulla
1201 2187 1255 2255 spe

29 2261 31 2264 ⁴
89 2252 236 2332 mduct'ns,
255 2271 365 2338 magna
386 2249 475 2315 animi
491 2248 715 2338 perseuerantia
734 2248 765 2313 id
780 2248 856 2334 quod
878 2271 979 2314 verum
999 2257 1166 2336 reebrmque
1186 2269 1256 2316 esse

127 2343 284 2424 rspexerat
316 2342 433 2400 secutus
468 2342 523 2400 est.
577 2333 662 2400 Mala
695 2342 792 2399 autem
867 2335 1024 2416 samsima,
1072 2356 1146 2420 qnae
1182 2335 1255 2401 belli

90 2357 266 2489 diuturnitas
288 2428 318 2485 et
338 2420 498 2486 commonia
522 2418 555 2484 in
580 2419 644 2484 dies
670 2425 813 2500 auxerat,
861 2439 896 2483 oc
921 2440 1034 2505 quoque
1060 2441 1138 2484 anno
1165 2421 1256 2485 vehe-

92 2512 205 2573 menter
223 2504 426 2570 Athenienses
439 2505 609 2569 uexabant:
636 2520 704 2568 nam
728 2525 792 2568 cum
813 2503 914 2568 hostes
941 2505 1096 2588 quotannis
1118 2505 1257 2593 irruptio·

92 2611 159 2657 nem
179 2590 212 2655 in
232 2589 361 2654 Atticam
388 2590 536 2670 lacerent,
562 2609 720 2674 omnesque
740 2589 822 2654 viem
848 2595 880 2654 et
899 2588 1034 2653 aedilicia
1052 2588 1256 2673 incenderent,

93 2684 193 2765 agros
208 2673 470 2763 depopularentur,
495 2673 665 2759 incolasque
693 2673 870 2762 spoliarent,
907 2672 1105 2761 agricolarum
1136 2674 1256 2763 inopum

92 2759 220 2860 maxim
245 2758 396 2860 multitudo
417 2759 449 2823 in
466 2759 572 2860 urbem
591 2757 741 2847 compulsa
760 2759 851 2824 vitam
871 2759 912 2823 ibi
936 2758 1028 2824 traxit
1047 2759 1255 2860 miserrimam:

92 2842 959 3021 tttld:t„¹⁸ttldddttsstdtsht‘ttbtt’
974 2851 1257 2994 lbttttptt

72 3013 232 3099 ¹iuuerunt·
249 3014 501 3103 splendidumque·
519 3012 646 3102 speeiem
670 3013 753 3078 urbis
780 3011 899 3078 sordido
935 3013 1014 3079 cultu
1048 3016 1153 3097 (erant
1178 3014 1256 3079 enim

92 3101 249 3166 maximam
285 3106 397 3188 partem
429 3097 634 3181 carbonarii,)
664 3096 868 3163 foedaverunt.
917 3097 1057 3171 Quamvis
1090 3106 1185 3163 antem
1223 3098 1258 3164 in

93 3185 272 3272 gravismma
284 3184 447 3252 calamitate
461 3181 738 3271 versareturpopuli
749 3182 912 3264 multitudo,
921 3189 1019 3249 umen
1030 3182 1150 3247 nolebat
1160 3204 1199 3246 ex
1208 3182 1257 3249 his

89 3269 230 3357 procellis
252 3275 282 3332 et
302 3268 521 3356 tempestatibus
532 3268 565 3333 in
586 3273 802 3356 tutumportum
813 3267 900 3335 conlo
925 3289 990 3348 ere,
1011 3274 1041 3331 et
1052 3274 1171 3354 praeter
1180 3274 1259 3332 cete·

93 3373 142 3418 ros
156 3352 384 3434 Acharnenses,
406 3352 490 3440 copia
510 3359 541 3416 et
554 3352 663 3420 virtue
683 3372 738 3416 sna
758 3351 839 3432 sueti,
859 3288 967 3415 bellum
983 3351 1169 3440 expetebant
1190 3351 1259 3419 Hoc

92 3437 224 3503 bellandi
245 3436 371 3503 studium
392 3436 548 3538 populares
574 3437 708 3502 homines
731 3435 836 3500 callide
856 3435 1024 3500 excitabant
1045 3437 1258 3522 excitatumque

93 3522 323 3604 eonfirusabant,
355 3543 403 3607 qur
434 3529 494 3586 tum
515 3521 630 3589 demum
656 3518 849 3587 multitudinis
877 3520 989 3585 animos
1016 3521 1054 3587 ad
1084 3543 1154 3586 snos
1186 3540 1258 3586 usne

93 3614 278 3689 convertere,
298 3605 336 3672 ad
357 3628 440 3671 suam
461 3607 637 3673 voluntatem
651 3605 814 3693 adiungere
834 3610 980 3693 poterant,
1001 3607 1143 3672 sicinium
1161 3606 1260 3672 stn'dia

93 3693 280 3764 extrinsecus
305 3700 392 3757 erant
420 3698 568 3780 occupata
610 3690 673 3756 lam
704 3690 803 3792 populi
836 3689 1015 3761 voluntatem
1045 3699 1077 3756 ut
1106 3691 1260 3757 flecterent

94 3795 150 3862 qno
179 3776 304 3857 vellent,
335 3777 467 3841 oratione
495 3776 677 3864 potissimum
710 3797 757 3842 usr
781 3781 866 3847 sunt:
903 3775 960 3841 hac
988 3776 1067 3842 enim
1100 3775 1260 3852 flexanima

94 3869 181 3949 atque
207 3862 336 3928 omnium
354 3883 462 3929 rerum
488 3860 596 3949 regina
621 3860 734 3928 animos
761 3859 850 3931 faede
871 3861 934 3928 acri
954 3869 984 3925 et
1003 3861 1169 3928 vehementi
1189 3882 1260 3949 qna·

97 4163 147 4218 rid.
165 4164 234 4234 qu.
250 4163 302 4218 810
324 4171 353 4218 et
369 4158 445 4232 1237,
467 4166 539 4221 Nub.
556 4164 619 4232 888,
645 4167 707 4220 Pac.
725 4165 786 4232 5¹15,
810 4165 971 4235 Tlresmoph.
989 4164 1050 4231 517,
1072 4165 1182 4231 Lysistr.
1199 4165 1261 4232 701,

97 4231 164 4286 llam
181 4230 260 4287 1⁴47.
284 4233 400 4287 Cressae·
416 4238 504 4287 eutem
526 4233 555 4288 ln
575 4234 670 4315 Vespir
685 4250 710 4288 r·
727 4234 788 4304 7⁵9,
810 4233 969 4309 mudena
986 4234 1057 4288 Nub.
1076 4232 1151 4300 ulte,
1174 4233 1262 4286 Theu-

87 4292 217 4370 ‘nopbou
233 4297 294 4355 194.
