2760 4792
102 212 168 283 αι
487 208 915 283 commounrroons
958 177 976 247 -’

187 374 300 459 Attae·
321 386 436 447 πιούσα
456 379 489 446 δ’
513 378 627 447 ὁπόσον
647 378 686 447 ἄν
706 405 756 447 σοι
776 379 882 463 θνμδς
900 372 937 468 ᾖ,

189 469 358 550 Περίδος
377 466 414 530 τὸ
435 472 567 551 πρῶτον.
978 502 982 511 ·

102 552 168 615 Πῖν
194 553 287 617 forma
312 552 428 641 plebeia
448 557 511 634 est,
541 572 597 641 pro
616 559 708 629 πιεῖν,
734 571 809 635 quae
830 570 890 614 non
910 547 1033 614 dedecet
1059 570 1198 636 servum,
1224 552 1272 653 opti

104 637 285 725 Theolytem
305 636 439 718 arcessit,
460 643 493 700 ut
512 636 721 700 secum-bibat.
748 635 844 699 Servo
865 640 962 700 autem
974 632 1127 723 Theolyte
1147 644 1271 725 regent,

103 728 192 786 male
212 744 262 784 me
282 736 422 797 tractae,
446 735 555 785 tentae
570 745 630 803 me,
651 722 742 783 Ιιοπιο
764 725 1064 801 ι’πηνιιιίσπτίεείκισς
1084 726 1174 806 θῆρα
1194 722 1271 791 enim

104 828 169 871 cum
191 804 318 895 apellat,
360 806 437 870 idem
459 812 505 871 est
530 828 565 870 ac
586 805 613 869 si
634 801 767 889 σάτυρον
795 806 978 886 vocavisset,
1003 805 1064 870 vid.
1086 805 1271 919 Hespchiuoa

107 892 225 975 Θήρας·
246 889 318 965 τούς
339 887 534 974 σατυρικούς.
556 897 586 954 et
606 891 661 954 hoc
682 889 800 955 nomine
823 890 911 954 etiam
921 888 1080 980 Euripides
1093 890 1127 955 in
1141 890 1272 983 byclopo
1314 954 1317 959 .

102 996 135 1041 v.
152 975 216 1043 624
236 974 363 1062 Satyros
384 981 483 1039 vocat:
1263 1002 1266 1011 ·

187 1062 298 1142 Σιγᾶτε
320 1059 396 1144 πρὸς
416 1065 514 1135 θεῶν,
535 1063 647 1142 θῆρες,
668 1052 840 1142 ἡσυχάζετε,

187 1144 357 1219 Σονθίντες
378 1141 485 1228 ι’ίρθρα
506 1140 669 1224 στόματος.
838 1180 842 1185 ·

101 1229 221 1295 Deinde
243 1230 365 1312 περίδος
385 1229 521 1293 substitui
542 1230 574 1292 in
595 1229 689 1292 locum
709 1226 848 1314 vulgatae
869 1226 1004 1292 lectionis
1026 1222 1177 1313 παρδίας»
1197 1226 1273 1315 quod

101 1315 156 1380 vix
177 1322 273 1402 potest
292 1313 380 1379 ferri:
403 1335 555 1379 servorum
567 1314 645 1378 euim
666 1313 823 1377 exhibetur
837 1312 1013 1395 convivium,
1035 1320 1121 1399 atquo
1140 1312 1205 1395 illc,
1225 1312 1272 1399 qni

103 1400 213 1488 primas
239 1398 303 1485 agit
327 1404 447 1487 partes,
478 1399 559 1462 iubet
583 1397 774 1483 Theolyteu,
800 1396 850 1460 ubi
877 1398 943 1484 ipsa
968 1406 1105 1483 quantum
1134 1398 1273 1465 collibue-
1304 1418 1307 1423 ·

103 1485 144 1548 rit
165 1483 287 1565 biberit,
349 1482 462 1547 oculum
510 1503 578 1546 orro
606 1482 791 1570 epulantibus
813 1481 952 1563 tradere,
994 1483 1061 1548 vide
1083 1483 1121 1548 de
1141 1484 1200 1549 boe
1218 1498 1273 1551 utu

104 1567 291 1633 Athenaeum
311 1504 365 1632 lll.
386 1588 415 1656 p.
436 1505 508 1633 bod
521 1566 568 1636 Ft
594 1572 742 1630 Τοσαῦτα
764 1565 854 1631 alneio
876 1563 892 1630 d
913 1563 1121 1652 Πλούταρχος
1141 1570 1192 1631 καί
1213 1564 1272 1633 tub

104 1650 226 1717 πάντων
246 1654 459 1737 κροταλισθεὶς
480 1649 572 1737 ᾔτησε
594 1649 722 1738 φιάλην,
749 1649 808 1735 ἀφ’
831 1641 870 1732 ἧς
889 1653 1015 1728 σπείσας
1035 1661 1104 1728 ταῖς
1126 1649 1273 1735 Μούσαις

104 1739 155 1802 καί
186 1741 224 1823 τῇ
250 1733 367 1801 τούτων
392 1741 486 1820 μητρί
512 1733 710 1822 ,Μνημοσύνῃ
737 1733 882 1819 προύπινε
909 1742 1002 1801 πᾶσιν
1030 1738 1214 1824 φιλοτησίαν
1230 1772 1273 1789 -·

103 1820 196 1887 ἔδωκε
221 1826 266 1908 τῷ
293 1822 394 1898 παιδί,
423 1828 592 1907 περισοβεῖν
619 1823 651 1885 ἐν
677 1818 778 1905 κύκλῳ
806 1817 963 1898 κελεύσας,
990 1821 1027 1886 τὸ
1052 1820 1156 1911 κύκλφ
1182 1822 1272 1887 πίττα

102 1906 191 1973 τοῦτ’
215 1903 289 1972 εἶναι
309 1907 419 1991 λέγων,
440 1906 685 1995 παρατιθέμενος
705 1907 891 1992 ,Μένανδρον
912 1908 945 1970 ἐκ
965 1908 1140 1991 Περινθίας
1158 1912 1226 1975 κτλ.

188 2040 361 2106 Athenaeus
381 2040 436 2109 lv.
456 2063 485 2133 p.
509 2041 570 2106 165
591 2041 637 2122 A,
669 2040 719 2105 nbi
740 2041 777 2106 de
799 2039 1026 2131 Cbaerephonte
1046 2040 1195 2130 loquitur,
1216 2028 1271 2109 hoo

102 2126 243 2193 Alexidis
265 2148 282 2190 e
301 2125 567 2192 commorientibus
590 2146 694 2190 versus
716 2125 866 2214 proponit:

185 2210 253 2273 Ἐπί
275 2210 395 2274 δεῖπνον
416 2209 457 2285 εἰς
478 2206 638 2292 Κόρινθον
658 2208 761 2273 ἐλθὼν
782 2213 953 2298 Χαιρεφῶν

180 2292 337 2376 Ἅκλητος,
358 2292 418 2377 ἤδη
439 2291 497 2378 γὰρ
520 2294 640 2357 πέτεται
663 2291 852 2369 διαπόντιος·

192 2377 284 2444 Οὕτω
312 2404 341 2443 τι
362 2376 519 2465 τάλλότρι’
542 2380 656 2444 ἐσθίειν
676 2381 739 2443 ἐστὶ
760 2376 867 2463 γλυκύ.

103 2502 168 2546 cum
189 2480 246 2544 hoc
266 2478 368 2544 ultimo
388 2500 478 2545 versu
499 2481 644 2570 componit
664 2480 852 2571 Theopompi
873 2482 980 2550 verba:
1001 2482 1067 2546 Kal
1090 2478 1272 2567 Θεόπομπος

103 2565 136 2630 δ’
161 2566 193 2629 ἐν
210 2563 357 2630 Ὀδυσσεῖ
372 2562 449 2649 ἔφη·

188 2649 356 2731 Εὐριπίδου
378 2650 408 2714 τ’
432 2647 557 2735 δίριστον
579 2647 615 2713 ού
637 2655 737 2726 κακῶς
759 2649 837 2733 ἕχον,

190 2731 366 2820 Τδλλύτρια
382 2737 508 2798 δειπνεῖν
524 2733 577 2797 τὸν
598 2739 700 2811 καλῶς
721 2734 898 2817 εὐδαίμονα.

102 2836 258 2900 Poruonus
280 2858 340 2899 non
361 2834 440 2899 recte
460 2834 554 2899 voluit
573 2833 721 2916 τάρχαῖον
741 2837 855 2923 legere,
877 2837 953 2923 qnod
974 2858 1076 2925 parum
1093 2836 1273 2926 ¹opto'l'hco·

101 2940 225 3009 pompus
247 2920 283 2984 de
293 2919 445 3068 Euripidis
467 2920 564 3005 aliqua
586 2922 733 2985 sententia
749 2920 884 3003 dixisset,
906 2944 974 2986 nam
995 2922 1273 3009 penitusdiversum

103 3014 165 3087 est,
198 3004 274 3090 quod
296 3003 369 3092 Erip
392 3026 442 3086 us,
473 3006 599 3068 comicus
620 3013 723 3092 poeta,
751 3004 788 3070 de
815 3007 935 3093 antiquo
955 3007 1113 3097 proverbio
1139 3007 1218 3073 dixit
1240 3006 1273 3075 iu

101 3089 199 3155 Aeolo
221 3089 298 3178 opud
318 3088 504 3153 Athenaeum
525 3089 578 3158 lv.
599 3111 629 3177 p.
651 3088 714 3156 134
733 3089 776 3155 B:

62 3225 66 3233 .
186 3176 294 3256 Λοηος
314 3169 372 3258 γάρ
396 3173 460 3237 ἔστ’
486 3172 612 3258 ἀρχαῖος
635 3172 671 3237 ού
693 3180 794 3250 κακῶς
815 3173 902 3257 ἔχων,

191 3255 284 3323 Οἶνον
304 3259 423 3343 λίηοοσι
444 3257 518 3334 τούς
538 3259 692 3343 γέροντας,
713 3254 739 3324 ὦ
760 3256 866 3346 πάτερ,

187 3344 316 3407 Πείθειν
334 3339 470 3427 χορεύειν
492 3341 529 3407 ού
551 3344 712 3420 θέλοντας.

102 3430 190 3495 immo
212 3428 369 3515 legendum
392 3436 452 3511 est,
474 3450 533 3492 una
554 3429 668 3493 adiecta
689 3428 800 3493 littera:

187 3511 357 3596 Εύριπίδοο
375 3511 443 3576 ’στ’
468 3510 628 3595 δι’ριστον
650 3510 686 3576 οδ
707 3519 809 3589 κακῶς
829 3511 909 3596 ἕχον.

102 3598 177 3664 haec
198 3607 292 3662 autern
315 3604 362 3662 est
382 3600 539 3678 sententia,
560 3601 783 3676 Euripideum
798 3615 851 3664 eet
869 3604 1083 3676 ἱειιῖαοιιῐιιπι,
1105 3624 1174 3664 παι
1193 3620 1274 3665 em

102 3688 387 3746 contemnendum:
410 3690 479 3746 sunt
501 3682 579 3746 enim
599 3683 674 3746 haec
693 3683 787 3747 verba
807 3683 918 3766 Ulixis,
940 3685 989 3769 qui
1010 3684 1106 3749 socios
1129 3684 1273 3767 homar,

102 3775 135 3831 ut
156 3766 297 3856 Cyclopis
320 3787 406 3831 caseo
428 3774 458 3831 et
483 3766 559 3831 lacte
585 3767 683 3855 prouti
709 3768 874 3833 collibuerit
899 3770 1054 3834 fruantur:
1092 3768 1148 3835 ille
1177 3776 1273 3835 τοῖσι

102 3873 225 3917 versus:

190 3930 367 4020 Τάλλύτρια
388 3936 516 3998 δειπνεΐν
536 3933 591 3999 τδν
612 3940 712 4012 καλῶς
734 3933 910 4017 εύδαίμονα.

103 4042 142 4086 ex
169 4023 300 4107 satyrica
327 4021 424 4106 aliqua
445 4020 598 4108 Euripidis
619 4021 721 4085 fabula
746 4023 863 4110 petitos.
876 4022 1001 4087 videtur.
1030 4020 1171 4088 Ceterum
1196 4042 1272 4089 oom-

102 4126 195 4196 ponas
218 4127 281 4169 cum
303 4105 363 4170 ibis
384 4105 485 4170 verbis
507 4105 583 4214 ‹puod
603 4105 774 4193 Aeschylus
797 4107 872 4172 dixit
891 4107 946 4172 nr.
966 4107 1032 4176 280
1052 4106 1100 4174 od.
1120 4105 1241 4177 butt:

191 4190 277 4255 Ol'noo
298 4189 397 4270 μένειν
414 4189 476 4275 χρὴ
498 4215 551 4255 τον
571 4194 671 4266 καλῶς
693 4190 870 4273 εὐδαίμονα,

186 4277 252 4342 Καὶ
273 4275 328 4341 τὸν
348 4281 449 4353 κακῶς
470 4270 650 4363 πράσσοντα
671 4278 722 4340 καί
743 4282 854 4342 τοῦτον
872 4275 982 4359 μένειν.
