2760 4792
159 236 227 306 29⁰
548 227 955 302 (ΒΟΜΜΕΝΤΑἸῚΟΝΕΒ

161 401 241 469 enim
270 400 346 466 haec
371 397 485 466 Don'ca
510 418 588 485 uox,
619 398 732 467 Siculis
763 398 892 467 maxime
922 399 1047 483 usitata,
1076 399 1158 467 unde
1176 400 1330 473 Pindarus

160 508 273 578 quoque
294 485 387 551 dixit:

239 570 376 635 'Einlorv
396 563 570 645 ἀθανάταις
589 564 681 657 ἀρμῷ
702 568 860 655 φέρονται.

159 655 236 747 apud
247 656 383 720 Eustath.
400 656 452 720 vit.
464 655 590 719 Pindari
599 676 628 744 p.
641 657 693 736 12,
716 654 766 718 uhi
787 654 853 717 uide
867 672 941 738 quae
957 651 1153 717 amicissimus
1164 652 1331 725 Schneide-

157 740 270 809 winde
291 743 348 806 hoc
368 740 510 805 vocabulo
533 739 710 829 disputavit3
732 745 762 804 et
771 736 943 823 Aeschylus
964 736 997 800 in
1005 736 1186 805 Prometheo
1206 742 1328 811 mdlds

238 821 353 912 Ἀρμοῖ
368 826 527 906 πέπαυμαι
547 824 621 901 τοδς
648 822 742 905 ἒμοδς
762 828 889 908 θρηνῶν
910 816 1034 898 πόνους.

156 910 268 985 Verum
301 933 365 976 cum
392 908 563 996 Aeschylus
588 930 702 997 quoqne
732 910 811 973 hanc
840 928 942 972 vocem
971 907 1175 996 usurpaverit,
1215 909 1328 981 Atticis

156 1018 217 1062 non
238 1018 311 1062 sane
330 1018 453 1085 prorsus
474 995 607 1060 inaudita
626 995 700 1077 fuit,
721 995 764 1059 ita
783 1000 817 1057 ut
837 993 947 1057 comico
969 1012 1081 1078 qnoque
1108 1002 1214 1083 poetae
1234 996 1327 1065 hene

154 1083 196 1147 rit
222 1082 347 1147 eandem
374 1080 529 1147 adhiberer
572 1101 700 1165 ususque
728 1084 793 1143 erat
813 1078 1011 1142 Pherecrates
1037 1078 1167 1145 fortasse
1191 1081 1253 1165 ita,
1294 1088 1328 1149 ut

154 1168 263 1255 tragici
288 1166 412 1230 alicuius
436 1164 598 1231 orationem
629 1166 662 1228 in
691 1185 775 1228 suum
803 1184 887 1227 usum
914 1169 1120 1229 converteret:
1151 1186 1326 1255 quamquam

154 1253 242 1317 etiam
264 1251 290 1315 si
305 1273 377 1315 suae
397 1260 484 1337 poeta
497 1249 658 1314 inseruerit
679 1247 816 1330 orationi,
838 1268 898 1311 non
914 1247 1068 1313 admodum
1082 1249 1183 1333 mirer,
1206 1272 1274 1319 cum
1287 1252 1326 1319 sd

152 1337 326 1424 Epicharmi
346 1333 440 1400 Siculi
466 1334 632 1423 exemplum
652 1356 686 1398 se
708 1355 883 1421 componere
905 1332 1009 1397 solitus
1031 1334 1079 1399 sit.
1120 1334 1185 1402 lam
1206 1342 1325 1403 veteres

153 1420 360 1508 grammaticos
382 1419 419 1484 dc
440 1427 559 1483 auctore
579 1419 667 1483 huius
688 1419 807 1483 fabulae
829 1417 1011 1483 dubitavisse
1024 1418 1110 1484 docet
1130 1421 1220 1487 etiam
1229 1420 1326 1489 Atho·

151 1526 245 1570 uacus
264 1504 333 1571 XV.
354 1525 383 1592 p.
404 1504 468 1569 685
488 1503 533 1568 A:
571 1500 611 1568 ‘O
631 1504 665 1568 δὲ
685 1501 856 1587 πεποιηκὼς
882 1503 956 1580 τοὺς
983 1506 1025 1580 εἷς
1045 1502 1142 1571 odada
1166 1504 1324 1596 ἀναφερο-

150 1589 261 1670 μένους
282 1592 456 1663 Μεταλλεῖς
481 1589 593 1673 φησίν·

229 1670 304 1737 ‘Yrs'
328 1671 562 1759 ἀναδενδράδων
582 1669 704 1747 ἀπαλάς
724 1667 929 1748 ἀσπαλάθους
950 1679 1117 1752 πατοῦντες

231 1756 283 1823 Ἓν
303 1762 425 1840 λειμῶνι
447 1753 633 1848 λωτοφόρῳ,
654 1754 797 1845 κάπειράν
817 1782 850 1822 τε
871 1754 1015 1844 δροσώδη

232 1840 444 1929 Κάνθράσκου
464 1849 613 1925 μαλακῶν
632 1843 664 1909 τ’
687 1841 743 1908 ἴων
764 1843 893 1922 λείμακα
914 1846 965 1906 καὶ
986 1839 1166 1930 τριφύλλου.

148 1930 181 1994 in
201 1930 307 2015 quibus
326 1929 380 1995 vix
400 1930 555 2037 puidqnam
575 1928 710 1994 insolens
731 1934 782 1993 aut
801 1928 973 1993 inusitatum
993 1928 1141 2014 offendas,
1161 1929 1223 1995 nisi
1242 1930 1320 1999 forto
1370 1926 1374 1935 ¹

148 2015 225 2100 quod
253 2015 363 2080 dixerit
396 2010 602 2090 ασπαλάθους
633 2009 771 2094 ἁπαλάς,
814 2035 879 2078 cum
905 2014 1124 2102 Aristophanes
1156 2016 1319 2083 musculiue

148 2121 262 2186 genere
282 2121 355 2164 usus
376 2098 431 2181 sit,
454 2100 591 2164 conferas
612 2104 711 2162 tamem
730 2098 937 2184 Phrynichum
957 2097 1096 2165 Bekkeri
1116 2098 1160 2166 Τ.
1174 2100 1201 2168 l.
1218 2104 1320 2212 1⁰,9s

142 2180 355 2260 Ἀσπάλαθος·
386 2183 568 2259 ἀκανθῶδες
588 2178 695 2268 φυτόν,
718 2183 897 2269 Κλέανδρος
916 2188 1077 2265 θηλυκῶς,
1093 2182 1320 2275 Ἀριστοφσνης

145 2266 1211 2451 dotti}sitientiitm,titttthnthttht”tit-‘t'
1220 2294 1321 2424 At}

145 2437 220 2503 satis
246 2459 280 2501 ar
323 2444 376 2502 unt
395 2437 427 2503 hi
446 2436 597 2504 Athenaei
610 2399 681 2502 'loci
700 2436 740 2501 X.
783 2436 875 2502 ‚426
895 2436 933 2503 A.
953 2437 1037 2507 xlv.
1057 2376 1173 2529 ppdid
1192 2440 1232 2509 B.
1253 2442 1320 2509 628

146 2521 184 2589 G.
210 2529 241 2588 et
303 2521 383 2588 213.
415 2544 476 2588 non
502 2529 601 2589 tamen
627 2458 790 2588 uerisimiie
822 2523 950 2586 arbitror
969 2522 1176 2623 Phrynichum
1201 2526 1320 2595 mediae

144 2607 312 2672 comoediae
332 2614 448 2696 poetam
469 2629 591 2693 eumque
611 2607 775 2694 ignobilem
796 2614 901 2671 testem
923 2608 1105 2693 adhibuisse,
1125 2609 1226 2761 itnsppe
1247 2633 1319 2679 con-

143 2692 212 2757 iicio
238 2692 465 2758 Grammaticum
495 2693 574 2756 hanc
605 2693 700 2781 ipsam
730 2691 922 2757 Pherecratis
954 2692 1085 2759 fabulam
1116 2696 1179 2759 inte
1203 2698 1318 2781 exisse,

144 2777 227 2841 cuius
247 2783 395 2843 auctorem
409 2776 590 2843 Cleandrum
610 2776 754 2863 quendam
776 2797 844 2841 esse
865 2778 1011 2862 statuerit,
1031 2780 1319 2851 northmanmam

143 2860 350 2949 rhythmicum.
383 2858 446 2927 Sed
466 2862 541 2926 haec
561 2882 635 2926 sane
655 2862 779 2927 incerta.
1316 2919 1320 2925 .

228 2944 343 3011 Summi
363 2952 459 3011 autem
485 2946 624 3013 momenti
644 2946 677 3010 in
702 2946 759 3010 hac
780 2947 952 3031 quaestione
973 2945 1162 3015 diiudicanda
1181 2949 1319 3041 insignis

143 3036 190 3097 est
209 3030 292 3097 locus
319 3030 407 3096 huius
427 3032 565 3113 fabulae,
592 3052 677 3117 quem
698 3029 873 3096 Athenaeus
894 3030 947 3100 vl.
968 3053 998 3121 p.
1019 3035 1084 3100 268
1104 3034 1143 3101 E.
1164 3038 1318 3126 proponit,

141 3116 193 3181 uhi
214 3116 253 3182 do
277 3116 345 3182 aevi
371 3117 454 3181 aurei
482 3116 624 3181 felicitate
645 3116 797 3180 disserens
825 3117 1000 3183 comicorum
1027 3124 1180 3208 poetarum
1201 3120 1319 3191 deseri.

162 3202 258 3266 tiones
279 3222 332 3284 eo,
392 3221 431 3265 uo
456 3200 576 3273 fabulae
597 3201 700 3266 doctae
721 3207 752 3265 et
777 3202 873 3266 editae
894 3211 996 3286 erant,
1041 3205 1146 3270 ordine
1166 3216 1317 3276 recenset.

141 3222 182 3351 dit
206 3286 300 3374 primo
328 3222 445 3371 quidem
471 3284 537 3350 loco
558 3284 677 3353 Cratini
705 3308 744 3350 ex
765 3286 888 3351 Divitiis
913 3309 1020 3353 versus
1047 3289 1221 3392 adscripsit,
1262 3295 1317 3379 qui

160 3370 252 3435 rimus
272 3370 417 3436 eiusmodi
436 3369 597 3459 imaginem
615 3371 778 3461 proposuit,
798 3378 860 3436 tum
872 3371 1003 3439 Cratetis
1025 3396 1065 3438 ex
1080 3374 1183 3459 Ferus,
1203 3375 1316 3447 deinde

174 3454 306 3521 electidis
328 3476 368 3520 ex
387 3455 446 3521 Am
467 3455 667 3544 hictyonihus,
687 3463 790 3545 postea
810 3457 866 3521 hos
887 3456 1079 3524 Pherecratis
1100 3480 1222 3528 versus:
1245 3464 1315 3529 xus

140 3543 167 3605 sd
184 3538 229 3624 μὴ
250 3541 416 3623 ἐνοχλῶσι
454 3549 517 3623 μῒν,
538 3544 600 3605 τῶν
619 3538 679 3624 γάρ
696 3546 824 3606 κυνικῶν
845 3546 971 3628 φροντὶς
983 3542 1056 3609 ouidi
1075 3540 1315 3633 ἧσμικροτάτη,

140 3620 402 3709 ἀπομνημονεύσω
428 3625 508 3689 κατὰ
528 3624 586 3734 την
611 3622 697 3701 τάξιν
717 3629 768 3690 καλ
789 3626 828 3691 sei
848 3637 913 3703 τοΐς
940 3626 1047 3705 ἀλλοις
1072 3630 1218 3717 εἰρημένα
1238 3652 1315 3699 ssos-

138 3720 241 3793 ηταῖς,
284 3702 328 3774 ὧν
348 3704 392 3786 εἷς
412 3710 494 3775 ἔστιν
520 3706 774 3788 ὃΑττικῶτατυς
796 3710 1009 3799 Φερεκράτης,
1052 3712 1087 3791 ἀς
1107 3714 1141 3781 ἔν
1166 3714 1226 3799 μὲν
1244 3726 1315 3797 τοῖς

139 3798 355 3861 Μεταλλεῦσιν
385 3796 488 3880 φησίν.
530 3795 592 3861 Hic
621 3797 747 3887 primum
780 3797 882 3862 mirari
913 3797 1009 3882 lubet,
1052 3822 1107 3865 cnr
1132 3797 1313 3871 Adeamus

138 3901 199 3945 non
220 3880 263 3944 uti
283 3880 351 3945 aliis
370 3880 404 3945 in
424 3880 498 3946 locis
518 3880 620 3947 facere
641 3882 735 3964 solet,
777 3888 863 3968 atque
883 3883 949 3971 ipse
974 3885 1047 3951 fecit
1076 3886 1109 3951 in
1128 3887 1186 3953 hac
1205 3887 1313 3957 sabeis

138 3986 229 4066 supra
247 3964 317 4035 XV.
358 4014 366 4031 .
387 3966 453 4033 685
471 3966 512 4050 A,
533 3967 789 4055 grammaticorum
810 3968 973 4034 doctissimi
993 3969 1203 4039 Eratosthenis
1224 3972 1313 4041 dubi·

138 4056 265 4115 tatmnes
290 4051 322 4114 in
342 4052 479 4117 scauerit:
521 4052 610 4119 immo
636 4058 759 4141 apparet
788 4053 862 4118 satis
884 4076 924 4119 ex
948 4054 1091 4121 hocloco
1116 4056 1310 4126 Athenaeum

137 4135 306 4216 censuisse,
327 4135 405 4200 hanc
424 4136 556 4205 fabulam
576 4158 648 4203 vere
668 4158 738 4203 esse
758 4136 965 4204 Pherecratiss
986 4162 1056 4206 nam
1077 4147 1107 4205 et
1122 4138 1309 4209 Ἀττικώτα-

135 4245 191 4285 τον
210 4220 294 4286 illum
313 4226 427 4308 poetam
449 4221 535 4305 dicit,
556 4224 754 4377 pppnomine
778 4224 867 4291 etiam
892 4224 968 4290 alias
989 4245 1009 4289 n
1030 4226 1233 4315 grammaticis
1253 4248 1309 4295 un·

136 4304 225 4390 siquis
245 4312 385 4387 ornatur,
404 4306 465 4376 uid.
485 4305 559 4399 Stcp
622 4330 669 4378 um
689 4307 869 4396 Byzantium
893 4316 925 4377 ct
943 4306 1084 4395 δείδιας
1111 4318 1143 4381 et
1161 4334 1220 4403 que
1239 4314 1308 4385 fsss
