2760 4792
127 252 192 321 ma
512 235 916 312 coumnnnomoons

128 418 148 502 ἢ
168 416 286 503 Αὐρῶν
306 412 503 497 Μεταγένους
529 413 682 490 ἰαμβεῖον·
709 403 827 493 Ὥσπερ
856 401 978 471 tacete
999 438 1041 457 ·-
1061 398 1211 495 δίπαυταςΙ
1233 426 1301 472 eum

130 506 223 570 altero
243 502 295 567 illo
316 498 552 585 comngendum
574 516 658 559 esse:

212 591 257 652 A.
285 583 402 670 Ὥσπερ
430 580 552 648 έπειδιλν
578 574 744 658 δειπνῶμέν
770 598 845 682 neg,
887 570 956 640 τότε
988 579 1115 642 πλείστα
1145 583 1302 662 λαλοῦμεν

815 684 956 735 απαντες.

213 757 254 818 Β.
269 749 354 819 Ἀλλ’
376 740 481 832 ῶγαθέ
501 751 555 811 νῦν
576 745 614 827 δὴ
636 747 815 824 δειπνῶμεν,
837 742 965 808 adarna
984 769 1023 825 με
1043 742 1134 812 πάντ’
1152 745 1302 834 έπερῶτα,

208 835 277 903 Ὅτι
300 835 337 900 dv
356 832 472 915 βοδλη·
493 838 548 895 νῦν
568 831 626 914 γὰρ
648 835 756 892 πεινῶν
776 831 881 904 δεινῶς
902 825 966 905 πῶς
987 828 1049 911 είμ’
1072 828 1259 917 ἐπιλήσμων.

131 922 225 992 Aliud
243 920 414 1009 Metagenis
435 897 633 1004 lragmentum
654 914 731 1002 apud
755 912 939 979 Athenaeum
960 914 1014 983 vl.
1035 938 1065 1007 [ι.
1084 921 1149 985 tu
1171 918 1217 984 A:
1244 920 1309 985 Διῒ

133 1002 188 1074 οὖν
209 1007 286 1085 κάμὲ
308 1005 387 1069 κατὰ
408 1004 461 1067 τὸν
482 1001 615 1081 κωμικὸν
626 1000 805 1081 Μεταγένην
826 995 997 1063 ἐπειπόντα·

217 1088 272 1167 Εἷς
293 1089 399 1164 οίωνδς
420 1085 544 1172 δίριστος
565 1082 745 1166 ἀμύνασθαι
766 1085 833 1167 περὶ
855 1084 988 1149 δείπνου.

132 1175 287 1253 τετλάναι,
314 1175 352 1239 ad
373 1174 534 1238 Homerum
555 1169 734 1234 comoediam
761 1168 863 1233 retulit
883 1168 1206 1321 Schweighaeuserus‘,
1232 1196 1306 1263 qno·

133 1261 270 1327 mamad
291 1259 475 1323 notissimum
495 1255 589 1336 illud,
610 1253 724 1317 Hector
744 1253 820 1338 quod
841 1254 883 1318 ait
904 1255 980 1344 apud
1030 1277 1177 1326 omerume

218 1341 274 1419 Εἷς
295 1340 400 1418 οἷωνδς
422 1339 547 1440 ἄριστος
567 1335 748 1437 ἀμύνασθαι
771 1334 996 1442 περλιπιίτρηςΞ
1158 1430 1165 1446 ⁸

135 1427 517 1595 tldtlllllt‘ellt
538 1446 580 1573 il
589 1422 817 1595 allllaltlt
835 1422 1217 1603 lllll‘tllllal‘ll't
1236 1452 1308 1581 tl

134 1598 231 1665 venit:
253 1619 320 1661 nam
342 1598 431 1662 etiam
453 1617 493 1659 ex
513 1593 580 1659 aliis
604 1593 752 1658 Auratum
773 1593 908 1679 reliquiis
928 1594 1139 1683 intelligimus,
1165 1600 1307 1667 comicum

135 1682 265 1773 parodiis
286 1681 510 1747 Homericomm
538 1677 697 1742 carminum
719 1698 803 1741 usum
832 1698 916 1761 esse,
941 1680 985 1744 uti
1008 1682 1093 1747 docet
1112 1683 1204 1770 illud,
1230 1684 1308 1773 quod

137 1768 268 1834 serravit
289 1765 460 1832 Athenaeus
489 1763 574 1828 Xlll.
595 1784 624 1851 p.
644 1763 707 1826 571
731 1760 773 1827 0:

513 1844 605 1928 Ὑμῖν
626 1845 831 1930 ὀρχηστρίδας
851 1841 935 1911 εἶπον
955 1846 1080 1935 ἑταίρας

215 1928 346 2018 Ὠραίας
366 1931 528 2020 πρότερον,
549 1937 604 1996 νῦν
624 1931 655 1995 δ’
681 1930 739 2012 οὐχ
758 1927 831 2013 ῧμΐν
852 1929 988 2016 ἀγορεδω

215 2016 315 2102 ’Ἁρτι
333 2014 524 2100 χνοαζούσας
545 2017 732 2101 αὐλητρίδας
739 2061 750 2093 ,
772 2016 807 2079 ori'
819 2040 852 2081 τε
873 2013 1004 2098 τάχιστα

219 2100 365 2186 Ἀνδρῶν
386 2107 548 2188 φορτηγῶν
568 2097 629 2164 ὑπὸ
649 2097 784 2184 γούνατα
804 2107 924 2181 μισθοῦ
945 2103 1069 2169 ἔλυσαν.

138 2189 189 2254 ubi
209 2188 394 2253 scribendum
420 2197 490 2275 puto
511 2190 566 2250 νῦν
587 2183 617 2248 δ’
643 2178 732 2249 αὖθ’
756 2181 829 2265 ὑμῖν
849 2183 1000 2272 ἆγορεδω,
1030 2188 1106 2275 quod
1134 2190 1219 2280 epioe
1245 2214 1309 2259 tol·-

138 2274 219 2339 moni
239 2272 497 2352 accommodatum,
519 2271 561 2334 uti
583 2276 629 2333 est
649 2270 681 2332 in
703 2269 825 2333 exordio
847 2272 986 2338 carminis
1008 2273 1046 2339 de
1066 2272 1215 2363 Epigonis
1235 2276 1309 2361 (vid.

139 2365 286 2423 auctorem
308 2356 475 2420 certaminis
498 2353 623 2419 Homeri
645 2362 674 2418 et
694 2354 821 2419 Hesiodi
842 2377 871 2444 p.
893 2355 957 2423 492
979 2357 1026 2424 ed.
1046 2358 1215 2449 Loesner):

223 2446 293 2505 Νῦν
314 2432 392 2503 oda‘
418 2437 590 2521 ὁπλοτέρων
610 2437 731 2524 ἀνδρῶν
752 2437 922 2524 ἀρχώμεθα
939 2444 1083 2509 Mortem.

140 2534 171 2591 et
196 2525 231 2589 δ’
255 2516 328 2589 αὖτε
348 2524 498 2591 Homerus
525 2525 715 2612 saepissime,
742 2531 774 2588 ut
799 2524 885 2590 Iliad.
906 2525 1024 2594 x1.5o
1046 2535 1076 2593 et
1095 2528 1169 2597 78⁵.
1189 2528 1260 2597 XX.
1278 2530 1311 2599 8.

139 2609 222 2676 ΧΧΙ.
243 2608 318 2675 421.
360 2610 500 2676 Ceterum
527 2608 661 2696 suspicor
688 2631 729 2673 ex
749 2607 912 2696 Metagene
940 2617 970 2676 et
990 2633 1031 2676 ex
1050 2612 1107 2681 lrac
1128 2613 1246 2700 quidem
1266 2614 1313 2681 ln·

140 2696 211 2761 bula
231 2694 304 2760 duos
325 2694 400 2758 alios
421 2694 556 2760 heroicos
568 2715 673 2792 uersos
695 2693 802 2793 petitos
824 2715 902 2794 esse,
923 2696 1182 2783 quosAthenaem
1201 2700 1312 2767 ibidem

141 2780 368 2926 widricii
388 2777 426 2945 ll
448 2777 626 2939 lldlflli
644 2785 774 2944 titt:
795 2799 1063 2948 llllll‘yaaa.

217 2946 330 3029 Ὄψων
349 2946 409 3031 γὰρ
431 2946 552 3030 πλῆθός
572 2971 606 3012 σε
627 2948 730 3035 δαμᾷ,
759 2950 810 3011 καὶ
832 2947 921 3029 λιμὸς
940 2945 1083 3033 ἀτερπής.

161 3055 216 3098 uae
236 3053 358 3121 prorsus
380 3054 443 3099 cum
459 3038 633 3120 argumento
653 3031 735 3097 illius
755 3031 874 3098 fabulae
887 3043 1064 3122 congruunt,
1084 3034 1186 3135 inqua
1204 3036 1315 3105 mum

141 3053 325 3203 loquacitatis
347 3118 510 3201 stultaeque
531 3117 721 3204 arrogantiae
743 3117 877 3182 exhibuit
890 3119 1054 3207 exemplum
1068 3140 1196 3185 cononem
1216 3128 1315 3211 poete.

226 3201 275 3267 Ex
288 3200 459 3303 Metagenis
472 3201 602 3265 Homero
623 3201 744 3289 insigne
763 3202 974 3289 fragmentum,
996 3224 1051 3290 qno
1067 3204 1156 3291 Lyco
1170 3206 1315 3295 mugitor,

143 3286 239 3351 attolit
258 3286 360 3351 doetus
380 3295 527 3374 mterpree
549 3285 684 3351 Platonis
705 3307 734 3374 p.
754 3287 819 3352 332
842 3286 887 3351 ed.
909 3286 1049 3353 Bekker:
1071 3284 1191 3354 Aderam
1210 3290 1315 3369 μέντοι

143 3371 243 3455 πατὴρ
264 3361 301 3450 ἦν
321 3367 519 3448 Αὖτολέκου,
534 3368 604 3434 Ἴων
623 3370 724 3455 γένος,
746 3370 845 3451 δῆμον
868 3372 1026 3456 Θορίκιος,
1048 3371 1139 3457 πίνης
1160 3370 1204 3452 ῶς
1224 3376 1316 3461 Κρα-

142 3464 224 3532 τΐνος
248 3456 386 3541 Πυτίνῃ,
409 3451 646 3540 Ἀριστοφάνης
679 3455 814 3539 Σφηξίν·
844 3453 980 3533 Εὔπολις
1006 3455 1037 3522 δ’
1068 3459 1101 3521 έν
1129 3460 1239 3537 Φίλοις
1263 3460 1317 3525 καί

143 3542 192 3605 ἐπὶ
213 3543 250 3621 τῆ
271 3542 389 3623 γυναικὶ
405 3537 511 3604 Ῥοδία
532 3541 677 3627 κωμῳδεῖ
693 3537 802 3617 cordo,
832 3540 865 3604 ίν
886 3542 920 3604 δὲ
939 3546 984 3629 τῷ
1005 3541 1118 3628 πρῶτῳ
1139 3540 1318 3631 Αδτολῶκηι

144 3628 185 3702 εἰς
205 3602 299 3702 ξίνον,
320 3605 504 3707 Μεταγένηςι
521 3622 548 3688 δ’
566 3621 694 3710 Ὁμήρῳ
716 3626 758 3699 εἲς
778 3622 944 3711 προδότην·
966 3630 1017 3690 καλ
1038 3624 1158 3692 Λύκων
1177 3624 1319 3695 ennead

144 3734 204 3774 που
234 3708 370 3794 προδοδς
396 3706 587 3774 Ναύπακτον
616 3706 763 3792 ἀργύριον
787 3709 892 3791 λοβῶν
919 3708 1035 3795 ἄγαλμ’
1063 3711 1178 3797 ἀγορᾶς
1203 3712 1319 3791 ξενικὸν

143 3792 351 3883 ἐμπορεύεται.
393 3793 564 3882 Metagenie
584 3795 782 3882 fragmentum
803 3794 848 3860 sie
866 3794 984 3861 videtur
1004 3797 1213 3885 corrigendum
1232 3820 1318 3865 esre:

347 3883 393 3945 A.
416 3881 480 3943 Kal
501 3876 621 3942 Λδκων
640 3882 789 3944 ἐνταῦθα.
830 3882 872 3945 Β.
893 3883 982 3957 Ποῦς

228 3966 273 4028 A.
290 3960 359 4027 ‘Odl
382 3962 518 4047 προδοὺς
537 3959 744 4040 Ναύπακτον,
765 3959 912 4073 αἰργδριον
932 3961 1045 4047 aanor,

226 4045 367 4132 Ἀγορᾶς
387 4047 511 4132 δι’γαλμα
533 4047 647 4124 ξενικὸν
667 4049 874 4132 ἓμπορευεται.

141 4131 190 4198 ’A
209 4139 284 4215 ορᾶς
311 4131 434 4217 ἄγαλμα
454 4134 610 4221 Lyconem
639 4134 765 4199 comicus
791 4142 893 4216 vocat,
919 4133 987 4234 quia
1014 4140 1079 4200 erat
1097 4134 1147 4200 vir
1165 4134 1319 4225 popularis

146 4156 322 4304 multumque
348 4219 380 4282 in
406 4218 472 4283 foro
493 4220 685 4300 versabatur,
713 4218 789 4284 dixit
809 4228 906 4285 autem
931 4220 1174 4308 ota-tragicorum
1194 4240 1320 4287 ωαιιο-

146 4303 277 4370 tudinem
298 4312 432 4386 secutus,
453 4302 496 4369 uti
516 4309 564 4369 est
583 4304 660 4393 apud
680 4302 853 4393 Euripidem
873 4304 906 4370 in
926 4302 1049 4371 Electra
1069 4326 1098 4372 τ.
1118 4302 1199 4373 asta
