2768 4770
157 215 179 279 b
269 258 274 265 -
507 202 930 325 'commanemus

244 375 382 464 ³l¹oyepdo
398 374 576 463 Ἀρχίλοχον
596 369 782 459 βαρυλόγοις
802 370 925 458 ἔχθεσιν

241 460 457 545 Πιαινόμενον·
478 460 514 526 τὸ
526 465 666 526 πλουτεῖν
688 460 721 526 δὲ
741 460 799 527 odo
811 455 1035 549 τύχᾳαότμοο,
1056 458 1170 542 σοφίας
1190 454 1332 543 ἄριστον.

159 548 258 619 Credo
284 549 378 637 igitur
404 547 524 613 chorum
546 547 736 636 compositum
756 545 851 612 fuisso
875 546 1003 610 existis
1029 542 1236 627 Archilochia,
1281 546 1333 633 qui

159 634 265 700 validis
293 642 379 719 atque
408 631 591 697 vibrantibus
619 631 775 697 sententiis
796 631 870 697 vitia
890 631 1032 718 quaedam
1052 630 1126 695 setis
1148 631 1256 718 gravia
1278 652 1333 695 ox-

159 719 353 870 q‘qntaverint:
396 724 427 782 et
453 717 490 781 do
517 717 606 782 choro
633 716 820 868 accipiendus
847 723 894 780 est
924 737 1029 781 versus
1056 715 1124 796 illo,
1160 735 1218 800 qno
1239 715 1334 783 utitur

198 825 300 953 emilii
318 800 544 867 Alexandrinus
565 800 675 867 Strom.
712 849 720 866 .
741 825 771 892 p.
792 802 856 868 280
877 802 928 867 ubi
949 801 986 866 de
1006 821 1062 866 usu
1082 800 1219 866 vocabuli
1237 824 1334 889 σοφι-

159 887 213 955 στ“
275 888 389 952 'seritc

197 913 234 971 ης
247 968 323 1037 Olor
343 975 500 1057 σοφιστῶν
520 976 637 1054 σμῆνος
657 964 871 1058 ἀνεδιφῆσατε.

159 1057 245 1124 Ηαοο
271 1057 350 1123 onim
376 1057 505 1143 loquitur
532 1056 634 1121 nescio
667 1057 732 1142 quis
765 1078 830 1120 cum
862 1056 969 1121 chorus
994 1052 1241 1121 Archilocborum
1273 1054 1336 1157 pri·

159 1163 238 1211 mum
262 1142 296 1207 iu
321 1163 441 1208 scenam
490 1141 581 1205 rodit:
623 1147 741 1223 σμῆνος
767 1141 872 1207 οοιΙοοι
903 1140 988 1205 modo
1020 1139 1057 1204 de
1083 1140 1173 1205 choro
1202 1140 1336 1207 Nubaum

160 1227 268 1295 dictum
290 1233 337 1292 est
357 1226 434 1314 apud
460 1163 690 1314 dristophanom
712 1226 744 1290 in
769 1226 946 1313 cognomine
966 1223 1068 1288 fabula
1088 1246 1117 1288 v.
1139 1225 1217 1291 297:

249 1309 296 1377 Ob
316 1309 361 1392 μῆ
382 1306 501 1392 σκώψει
521 1310 601 1392 μηδὲ
622 1307 759 1394 ποιήσεις
779 1308 856 1395 ἅπερ
880 1310 909 1373 οἳ
929 1308 1165 1393 τρυγοδαίμονες
1190 1298 1289 1389 οὗτοι,

241 1394 320 1460 Ἀλλ’
345 1392 490 1483 ιῦφῆμει,
514 1395 593 1480 μέγα
633 1392 673 1481 tp
693 1421 723 1460 τι
744 1399 827 1460 θεῶν
848 1403 969 1458 κινεῖται
991 1399 1107 1475 σμῆνος
1127 1392 1261 1470 ἀοιδαῖς.

162 1479 225 1547 Sed
244 1501 307 1545 uon
334 1486 381 1546 est
405 1481 463 1545 huc
488 1420 665 1546 referendus
686 1481 763 1546 alius
785 1481 866 1545 locus
887 1478 1099 1567 Aristophanis
1120 1479 1153 1544 in
1173 1477 1289 1569 Vespis
1308 1500 1338 1545 v.

162 1564 227 1633 425
247 1565 298 1630 ubi
318 1586 477 1654 vesparum
498 1564 605 1630 chorus
627 1566 712 1632 dicit:

243 1646 300 1726 Ὡς
319 1647 358 1714 ἂν
379 1641 411 1715 εὖ
434 1652 498 1735 εἰδῇ
519 1649 555 1714 τὸ
576 1649 683 1716 λοιπὸν
704 1654 820 1732 σμῆνος
840 1642 907 1712 οἷον
927 1645 1063 1732 ὤργισεν.

162 1733 210 1801 lbi
230 1734 309 1800 enim
330 1735 367 1799 de
388 1757 545 1823 vesparum
575 1738 712 1802 examino
739 1734 914 1800 translatum
941 1742 1004 1798 est:
1048 1732 1157 1797 deinde
1178 1732 1256 1799 solet
1278 1753 1342 1799 om·

162 1821 235 1887 uino
257 1819 294 1885 de
313 1841 342 1883 m
385 1842 424 1884 na
444 1820 628 1886 multitudiue
650 1821 724 1903 dici,
759 1826 792 1884 ut
812 1817 906 1898 ἑσμὸς
927 1819 963 1882 ab
987 1817 1088 1883 eodem
1109 1824 1197 1905 poeta
1216 1816 1251 1881 in
1271 1818 1342 1907 Ly-

165 1905 286 1971 sistrata
307 1925 335 1969 v.
429 1927 437 1969 z

245 1985 358 2069 Ἓσμὸς
378 1994 528 2073 γυναικῶν
549 1985 654 2053 οὑτοσὶ
675 1983 811 2072 θύρασιν
838 1979 879 2051 αὗ
899 1991 1022 2069 βοηθεῖ.

166 2072 207 2137 Et
232 2074 276 2137 sic
302 2074 399 2161 ipsum
428 2073 502 2137 illud
528 2078 644 2154 σμῆνος
670 2095 735 2137 cum
766 2072 818 2136 alii
843 2077 1073 2160 usurpaverunt,
1115 2076 1176 2136 tum
1210 2070 1343 2139 Aristid.

166 2157 333 2223 Panatheu.
355 2157 397 2222 T.
416 2156 441 2220 l.
463 2177 492 2244 p.
513 2156 577 2222 185
598 2157 644 2222 od.
665 2157 806 2221 Diudorl.
843 2155 1003 2220 Ἆαοικιῶν
1029 2151 1131 2239 σμῆνη
1152 2156 1344 2239 διαπέμψαι.

167 2241 230 2306 Sed
256 2248 288 2305 ut
315 2241 352 2307 ad
380 2239 496 2305 Cratini
528 2262 645 2306 versum
671 2248 822 2322 revertar,
862 2245 1018 2325 σοφιστῶν
1043 2246 1174 2323 σμῆνος,
1212 2262 1346 2307 onmem

165 2341 341 2404 poetarum
368 2346 451 2406 esse,
495 2326 684 2391 confirmatur
716 2326 803 2390 etiam
832 2326 981 2413 Diogenis
1015 2326 1133 2391 Laertii
1172 2326 1345 2393 testimonio

168 2410 306 2476 Proocm.
335 2412 388 2475 12:
436 2409 475 2473 Oi
497 2410 530 2473 δὲ
551 2413 645 2496 σοφοὶ
666 2413 718 2474 καὶ
738 2412 884 2495 σοφισταὶ
907 2413 1081 2487 ἐκαλοῦντο,
1103 2412 1154 2473 καὶ
1176 2410 1213 2475 οὗ
1234 2408 1346 2490 μόνον,

169 2495 321 2560 ἀλλὰκαὶ
345 2495 373 2559 οἱ
394 2497 518 2576 ποιηταὶ
546 2496 708 2581 σοφισταί,
739 2495 826 2559 καθὰ
847 2497 898 2559 καὶ
919 2496 1074 2576 Κρατῖνος
1095 2496 1127 2559 ἓν
1152 2492 1347 2645 Ἀρῦιλόχοις

169 2580 243 2655 τοὺς
270 2582 338 2664 περὶ
357 2576 498 2664 Ὅμηρον
524 2582 574 2644 καὶ
596 2577 742 2645 Ἡσίοδον
776 2581 907 2645 ἐπαινῶν
936 2578 1033 2655 οὕτως
1060 2585 1154 2645 καλεῖ.
1236 2580 1345 2647 horum

170 2666 249 2730 enim
270 2685 378 2729 censeo
400 2665 448 2729 hic
468 2671 501 2729 ut
520 2666 586 2731 fere
606 2666 713 2751 ubique
733 2665 807 2730 illud
827 2666 939 2754 ipsum,
974 2664 1049 2750 quod
1076 2663 1257 2754 propositum
1278 2672 1347 2731 crat

170 2757 290 2838 poetae,
327 2750 515 2837 exposuisse:
559 2751 648 2814 choro
686 2751 765 2814 enim
805 2750 907 2815 comici
938 2757 1042 2838 poetae
1068 2751 1110 2814 ita
1140 2757 1278 2833 utuntur,
1313 2754 1348 2815 ut

171 2842 296 2898 avocent
322 2857 341 2898 a
366 2835 494 2923 propriis
520 2835 657 2922 personis
684 2843 714 2900 ct
739 2836 918 2922 temporibus
946 2835 1058 2899 animos
1079 2834 1290 2922 spectantium,
1313 2840 1348 2901 ut

171 2918 203 2984 id
225 2919 301 3004 quod
328 2921 360 2983 in
387 2927 471 3007 parte
497 2920 696 3008 probaverant
717 2920 982 3003 ostenderentque,
1014 2920 1045 2984 id
1073 2920 1106 2984 in
1126 2920 1268 2985 uniuerso
1289 2940 1347 3009 ge-

172 3025 246 3067 nere
266 3004 393 3103 probent
412 3011 498 3088 atque
520 3012 656 3092 arguant.
694 3004 903 3070 Archilochum
925 3013 1021 3069 autem
1042 3010 1159 3068 secutus
1186 3012 1251 3087 est,
1273 3024 1348 3091 qno·

173 3089 253 3152 niam
273 3111 306 3153 ιιι
326 3089 407 3153 illius
427 3089 550 3178 ingenio
572 3089 657 3176 quasi
678 3088 863 3155 simulacrum
876 3089 1020 3175 quoddam
1041 3090 1088 3153 sui
1110 3088 1168 3153 sibi
1183 3090 1348 3155 visuscrat

173 3173 426 3239 anbnadvertisse.

257 3259 379 3343 Nequeo
407 3264 503 3329 autem
530 3256 679 3324 Meinekii
705 3259 881 3323 senentiam
907 3259 1050 3346 probare,
1085 3258 1193 3344 quiin
1220 3256 1346 3331 Quaest-

176 3340 326 3410 Scenicar.
358 3341 445 3431 Spec.
475 3344 500 3408 Ι.
527 3365 556 3432 p.
583 3346 626 3408 22
652 3344 726 3407 haec
756 3344 838 3408 dicit:
881 3346 964 3422 Ipse
997 3367 1091 3427 quem
1125 3358 1261 3408 ιοοαοιιι
1297 3350 1349 3409 ere

176 3434 244 3491 ecio
273 3430 449 3503 neminem,
483 3451 543 3492 ιαο
571 3436 682 3492 omnia
711 3435 841 3493 videtur
861 3437 973 3509 egisse
993 3436 1141 3511 ingentu.
1189 3430 1279 3491 Naue
1304 3434 1346 3493 de

175 3513 377 3578 Archilocho
386 3518 536 3592 fallimur
543 3517 585 3579 K
580 3522 842 3595 aouega'eeeerue
853 3522 890 3576 ν’νι
903 3518 989 3577 libro
1005 3520 1046 3578 de
1057 3518 1226 3577 comoedia
1236 3514 1347 3579 Attio.

171 3620 209 3685 p.
236 3596 314 3663 432:
356 3602 458 3661 Ηανιο
484 3607 570 3662 euim
602 3623 667 3663 νιοιι
697 3611 764 3663 tam
795 3606 982 3663 imitatione
1014 3607 1205 3685 expressit,
1245 3618 1346 3683 qun

175 3687 342 3763 perediae
363 3688 443 3747 ῖαια
464 3691 588 3748 irrtee't.
636 3685 680 3749 At
705 3704 776 3747 vero
804 3684 970 3748 comoediae
992 3685 1128 3769 autiquae
1149 3684 1206 3747 hoc
1225 3690 1275 3748 est
1300 3684 1346 3749 in·

178 3766 324 3848 stitutum,
353 3775 384 3833 ut
405 3789 445 3833 ex
465 3769 634 3856 praesentia
655 3776 829 3856 aucupetur,
856 3790 930 3854 quae
952 3775 982 3833 et
1002 3768 1223 3833 delectationem
1246 3775 1278 3833 et
1297 3789 1347 3833 ca·
1377 3766 1382 3859 j

178 3851 369 3941 stigationem-
387 3854 531 3935 habeant,
564 3875 659 3940 neque
679 3875 751 3918 vero
772 3854 825 3918 illa
846 3854 922 3918 solet
942 3875 994 3935 eo,
1025 3875 1099 3939 quae
1120 3853 1213 3940 longa
1233 3853 1347 3919 diutur-
1380 3906 1382 3913 .

178 3936 270 4002 nitate
298 3938 436 4026 temporis
457 3938 562 4005 obruta
582 3939 698 4021 iacent,
722 3946 919 4043 pertractare:
958 3940 1066 4003 etenim
1092 3960 1129 4002 ea
1154 3939 1251 4005 solum
1271 3958 1346 4025 quac
1380 3968 1382 3983 ι

179 4028 248 4085 ante
279 4022 378 4088 oculos
405 4024 534 4087 omnium
565 4031 634 4088 sunt
666 4031 780 4112 posita,
844 4046 899 4087 uae
931 4024 1015 4109 quasi
1044 4024 1149 4110 vigent
1184 4030 1270 4108 atque
1302 4021 1346 4087 ui·

179 4112 267 4187 vunt,
310 4127 346 4169 eo
379 4108 572 4174 multitudinis
606 4110 719 4173 animos
756 4045 910 4196 impdllunt
936 4116 967 4172 et
993 4109 1153 4189 deducunt,
1197 4128 1255 4192 quo
1274 4106 1348 4171 velit

199 4198 274 4255 oeta
327 4191 432 4276 Neque
463 4193 594 4281 prolecto
628 4193 681 4258 illa
713 4201 809 4259 aetate
840 4193 970 4259 Athenis
1003 4194 1036 4257 in
1072 4193 1184 4257 occulto
1223 4190 1348 4273 latentia
1379 4260 1382 4271 ,

178 4210 271 4364 louge
296 4276 424 4365 petenda
455 4286 557 4361 erant,
599 4299 665 4347 cum
697 4277 851 4368 multiplex
880 4300 981 4345 rerum
1010 4278 1141 4343 uarietas
1167 4282 1347 4367 suppeteret.
1379 4360 1382 4373 Ι

1274 4526 1382 4756 l
