2760 4792
121 276 187 347 tut
502 271 904 387 communesne

121 454 153 515 et
171 445 293 513 lsarcbc
320 441 889 538 praetureb.e.01ymp.LXXXlX.
911 444 931 513 1
963 446 1019 511 sub
1040 446 1113 513 anni
1131 445 1220 513 finem
1240 466 1285 511 rc·

121 552 227 598 versus
254 538 308 597 est
355 528 400 595 At
425 528 514 594 Platu
541 527 697 615 quideme
725 529 848 593 veritate
877 550 1000 618 prorsus
1026 531 1191 614 aberravit,
1224 551 1286 597 curn

120 616 249 682 Periclis
275 615 353 680 filius
379 635 444 679 cum
469 612 640 701 Protagora
665 611 762 678 denua
783 612 912 678 Athenis
933 622 1129 681 commorante
1150 614 1287 681 semunci-

121 707 208 766 natus
230 721 297 765 esse
318 698 422 799 fingit,
455 697 487 765 id
515 697 592 784 quud
618 703 729 763 temere
755 718 795 762 ex
815 698 914 787 priore
954 700 1192 788 eregn'natiunc,
1225 720 1289 765 cun

123 785 243 851 multum
263 783 392 848 Pericbs
413 789 444 850 et
463 783 590 848 filiarum
611 782 822 849 consuetudine
842 783 890 849 vir
911 785 919 801 ‘
945 785 1207 873 esapieutissimus
1227 790 1290 849 ute·

85 884 87 888 “
122 876 220 952 retur,
240 869 396 958 repetiisse
423 867 636 933 existimandus
661 872 722 933 est:
750 868 874 954 gravius
905 870 992 935 etiam
1013 870 1126 936 erravit
1144 867 1291 953 Platuin

96 954 226 1020 »eudem
247 974 384 1019 sermone
405 953 486 1018 iufra
506 973 535 1043 p.
556 954 620 1017 327
641 948 686 1018 Ea
724 948 821 1016 ’Act’
846 949 902 1018 εἷεν
923 950 1025 1040 ἄγριοί
1041 978 1134 1032 τινες,
1174 948 1291 1037 οἷοίπερ

124 1035 179 1115 οὓς
198 1037 307 1122 πέρυσι
331 1035 525 1123 Φερεκράτης
545 1032 562 1099 ὃ
584 1033 713 1118 ποιητὴς
732 1036 867 1114 ἐδίδαξεν
888 1040 936 1103 eu
956 1039 1100 1126 Ληναίῳ.
1152 1060 1209 1103 uae
1229 1036 1293 1125 qul·

124 1124 191 1190 dem
210 1123 313 1188 fabula
333 1122 493 1188 secundum
511 1119 700 1186 Athenaeum
712 1118 751 1189 V.
770 1143 799 1212 p.
817 1121 944 1188 2181).
966 1123 1051 1188 ducta
1072 1129 1118 1188 est
1167 1123 1300 1189 tutone

124 1214 261 1299 praetere
281 1206 312 1273 h.
333 1229 361 1272 c.
383 1206 500 1295 Olymp.
521 1202 695 1271 LXXXIX.
715 1202 754 1286 4,
788 1206 831 1271 ita
856 1215 890 1272 ut
913 1207 1098 1295 Protagoras
1124 1209 1203 1273 hunc
1230 1228 1310 1273 ser-

125 1314 240 1360 menem
272 1312 337 1357 cum
363 1288 487 1356 Sbcrate
519 1289 684 1374 ceterisque
710 1288 830 1380 Olymp.
855 1288 923 1357 XC.
951 1294 969 1357 1
998 1292 1136 1358 babuisse
1163 1294 1303 1381 fingatur

126 1377 285 1462 eodemque
322 1375 410 1440 etiam
443 1381 573 1462 tempure
616 1370 753 1441 Athenas
787 1396 926 1440 reversus
958 1376 1056 1459 fueriti
1082 1399 1121 1441 ex
1150 1376 1314 1443 Platonis.

126 1461 289 1542 sententia,
310 1459 454 1545 siquidem
476 1479 567 1546 supra
579 1454 732 1523 Socratem
753 1459 829 1527 dixit
848 1459 944 1526 triduo
961 1460 1034 1547 :pust
1056 1482 1141 1547 quam
1162 1462 1295 1549 philost-

84 1578 88 1587 ·
125 1546 201 1645 pbus
223 1545 377 1610 advenerit
397 1548 463 1609 euni
485 1542 756 1644 convenissepvidn.
778 1567 807 1634 p.
827 1544 892 1611 309
912 1543 953 1610 Ι).
973 1543 1059 1623 χΙΙΙυί
1091 1544 1324 1697 qupquefpu'v*

126 1652 249 1780 ttlta
268 1627 1306 1809 ttici?tttttctbtttttltttttbdtlllnt
1336 1790 1338 1795 ,

126 1807 184 1869 tur.
226 1797 289 1865 Sed
308 1798 385 1885 quud
406 1799 465 1864 iam
486 1818 577 1886 supra
597 1797 815 1882 commendavi,
846 1797 896 1864 bic
922 1818 1034 1946 quutpe
1056 1800 1219 1865 cavendum
1239 1806 1291 1883 erl,

127 1906 166 1949 ne
191 1884 301 1950 iniuste
326 1882 577 1972 reprehendamus
602 1882 699 1947 virum
724 1903 883 1966 summum,
916 1883 965 1969 qui
1003 1884 1114 1949 iberius
1142 1892 1292 1951 crurum

127 1969 253 2036 furmam
274 1969 362 2033 linxit
382 1987 504 2053 eamque
526 1965 568 2030 uti
588 1964 676 2031 libuit
690 1968 1088 2055 propesituaccommudcrit,
1108 1990 1164 2033 nec
1177 1969 1291 2035 curicus

128 2055 227 2121 omnia
248 2053 296 2117 vel
316 2052 468 2117 levissima
488 2049 527 2115 ad
547 2048 689 2115 calculum
712 2071 819 2115 vacare
840 2051 988 2117 sustinuit
1099 2084 1102 2091 ·
1292 2104 1296 2109 .

214 2135 379 2203 Dicendum
399 2136 525 2218 denique
546 2138 593 2197 est
614 2133 650 2198 de
671 2132 730 2198 aliu
750 2134 919 2222 fragmento
941 2157 981 2198 ex
1002 2132 1119 2201 Cratini
1140 2136 1296 2223 Turum,

149 2222 206 2288 uud
226 2221 366 2309 temporis
387 2219 513 2304 aliquam
534 2223 648 2299 nutam,
671 2237 726 2302 qua
747 2218 897 2284 cumuedia
919 2219 987 2283 data
1007 2221 1060 2304 sit,
1081 2222 1234 2288 continere
1255 2222 1305 2293 τίι.

130 2244 229 2378 detur:
260 2304 372 2392 legitur
392 2309 489 2367 autem
510 2300 587 2389 apud
607 2299 758 2366 Pollucem
777 2301 832 2369 IX
853 2303 909 2368 90:
955 2302 1019 2368 Τὸν
1046 2306 1080 2370 δὲ
1105 2311 1160 2371 νῦν
1182 2304 1301 2390 χαλκίτ-

132 2391 162 2458 ui
178 2389 320 2456 Ἀττικοί
339 2387 467 2471 χαλκίον
498 2382 629 2451 εἰώθασι
649 2390 764 2464 καλεῖν,
804 2383 846 2463 ὥς
872 2386 934 2451 ἀπὸ
960 2394 1016 2453 τοῦ
1045 2387 1181 2477 ἀργύρου
1201 2388 1298 2541 Ἢ

133 2501 199 2563 ριον
220 2477 271 2540 καί
293 2471 431 2538 ἀπὸτοῦ
450 2475 570 2554 χρυσοῦ
587 2472 730 2556 χρυσίον,
752 2468 854 2556 ὥσπερ
871 2470 1107 2560 Ἀριστοφάνης
1117 2476 1174 2556 μὲν
1188 2476 1223 2541 ἓν

131 2557 256 2646 τράχοις
276 2555 337 2646 ἔφη
368 2558 411 2642 (v.
432 2557 520 2643 720.)
546 2591 589 2605 -
615 2554 804 2643 σαφίστερου
824 2557 856 2623 δ’
879 2556 1039 2638 Εὔβουλος
1065 2562 1097 2624 ἐν
1112 2562 1299 2649 Παμφίλῳ·

132 2650 267 2732 Πρῶτον
293 2644 350 2725 μέν
371 2640 467 2707 αὐτοῦ
488 2639 680 2722 παραλαβὼν
699 2639 743 2706 τὼ
760 2642 878 2723 χαλκίω
912 2643 977 2708 Τὸν
997 2644 1044 2709 ἰὸν
1066 2645 1100 2709 lx
1120 2650 1176 2728 τῆς
1199 2642 1302 2732 χειρίς

135 2726 349 2838 ἔξεσσίργισευ.
395 2723 504 2813 Οὕτως
533 2722 572 2790 ἂν
597 2727 649 2789 καί
675 2721 693 2791 ὃ
715 2728 870 2812 Κρατῖνος
897 2729 929 2798 ἐν
949 2737 1017 2806 ταῖς
1040 2725 1197 2821 Θρᾴτταις
1218 2732 1301 2817 ἀρρ-

135 2815 195 2892 mle
212 2809 611 2982 ξίίτιτίίυὺζρίίρίίαίὲυίίῖξ
630 2889 792 2980 Αἰγύπτου
811 2895 925 2982 χρυσία
950 2896 1133 2976 κλέπτοντας
1153 2895 1303 2969 lmus·

136 2983 227 3073 vulgo
246 2983 402 3083 legebatur
421 2979 495 3056 τοὺς
514 2974 649 3058 κόλακας
668 3017 705 3035 ··
731 2978 871 3048 ἔπαυσεν.
897 2981 952 3049 sed
978 2983 1005 3051 si
1031 2989 1111 3052 recte
1132 2984 1207 3051 nafis
1227 2984 1304 3053 dirl-

136 3090 193 3154 nu,
214 3065 357 3135 Cratinus
379 3066 513 3156 scripsit:

223 3149 285 3231 'Ort
304 3151 378 3229 τοὺς
398 3146 533 3237 κόρακας
553 3143 784 3233 τᾶξΑίγίτιτου
802 3151 917 3235 χρυσία
937 3149 1122 3231 κλέπτοντας
1141 3150 1306 3235 ἔπαυσα,

137 3245 171 3315 nt
210 3246 277 3303 ceta
297 3237 375 3302 dicat
395 3258 429 3302 se
450 3235 555 3300 acerbe
575 3233 704 3299 notanda
724 3236 758 3300 in
778 3234 876 3322 aliqua
894 3235 997 3301 fabula
1016 3238 1134 3304 tandem
1155 3238 1306 3325 effecius,

138 3331 172 3390 ut
190 3259 325 3389 borsines
345 3320 485 3411 improbi,
507 3318 557 3407 qui
576 3319 772 3408 reipublicae
792 3341 934 3386 summam
955 3322 1177 3406 administrent,
1204 3324 1307 3391 furtin

140 3409 290 3498 surripere
309 3407 463 3499 pecuniam
483 3427 524 3470 ex
543 3400 686 3493 Aegypte
706 3406 826 3471 missam
847 3405 1006 3472 desistant:
1033 3408 1125 3473 fuerit
1144 3409 1238 3498 igitur
1257 3408 1309 3477 bie

140 3488 690 3643 t¹⁸¹³t⁰ttttd³⁸tdl¹⁰ttttt
709 3489 1090 3641 litimitllldllffim
1113 3492 1217 3642 prisc

142 3598 437 3729 abeadvellsariuruln
459 3595 675 3726 aemuldruurre
698 3594 873 3747 bcembmp
881 3660 998 3725 iniuriis
1017 3599 1209 3748 edlllblldarlt,
1241 3600 1333 3731 mpe-

143 3768 265 3834 rumque
296 3745 456 3810 calumnias
488 3743 647 3808 maledicas
673 3744 841 3842 magnificis
878 3744 1013 3810 laudibus
1046 3746 1180 3831 elevent,
1213 3747 1327 3815 οαυί-

145 3853 240 3918 uuque
260 3832 372 3912 emnia,
405 3850 479 3915 quae
505 3827 543 3894 ad
568 3829 649 3931 ipsus
707 3836 834 3911 rtrnent,
864 3828 958 3894 libere
987 3830 1191 3920 profiteantur.
1232 3832 1321 3901 On-

144 3917 223 3983 tinus
244 3916 337 4004 igitur
357 3915 473 3980 videtur
492 3912 525 3977 in
545 3912 643 3999 abqua
677 3912 783 3996 abula,
805 3935 891 3999 quam
910 3935 972 3979 nen
991 3915 1081 3981 multu
1102 3924 1171 3983 ante
1192 3916 1321 3985 'Phren-

145 4023 196 4068 sas
217 4000 365 4082 docuerat,
386 3997 547 4088 improbam
567 3996 795 4064 fraudulentiam
816 3999 997 4085 quarundam
1009 4001 1190 4090 reipublicae
1201 4002 1315 4094 princi·-

165 4107 215 4151 um
240 4087 345 4150 acerbe
372 4082 584 4172 exagitavisse.
631 4083 777 4171 Aegyptii
802 4094 899 4148 autern
924 4107 990 4150 cunr
1014 4084 1159 4153 Persicae
1178 4088 1315 4155 demine·

145 4108 236 4239 bouis
256 4172 358 4258 iugum
389 4167 606 4250 excussisseut,
641 4168 804 4254 luarcsque
828 4169 950 4257 Libyae
976 4191 1033 4235 rex
1057 4172 1211 4261 imperium
1238 4174 1312 4241 ubb'·

147 4257 277 4340 nuisset,
309 4254 346 4319 ab
367 4252 620 4336 Atheniensibus,
652 4253 703 4338 qui
731 4259 801 4319 tunc
821 4275 848 4320 m
912 4275 959 4320 am
979 4254 1105 4322 classem
1124 4258 1157 4323 in
1179 4256 1313 4349 Cyprnn

148 4342 273 4409 insulam
294 4341 447 4420 miserant,
468 4337 609 4404 auxilium
629 4337 813 4426 petiverunt:
886 4339 1058 4407 thenienses
1079 4348 1176 4409 summ
1195 4342 1314 4435 legulae
