2760 4792
295 232 355 301 nn
375 233 519 310 numo.
540 231 729 301 consono.
748 231 856 301 aare
875 233 1022 311 suaso.
1176 213 1244 309 'sae

70 407 158 488 bant,
190 404 244 470 sed
271 403 382 484 otium,
408 402 545 484 divitias,
558 401 753 490 voluptates,
780 423 893 468 summo
923 403 1021 468 studio
1047 402 1238 493 expetebant:

70 513 146 580 quae
166 490 282 578 quidem
308 486 447 554 mollities
472 508 534 552 non
560 487 657 576 magis
684 509 719 553 co
755 508 809 553 ora
833 509 919 574 quam
940 489 1055 553 animos
1075 491 1240 573 enervavit,

65 597 243 661 omnemque
276 574 414 638 virtutem
447 581 478 636 et
509 573 693 637 honestatem
739 573 858 638 unditus
894 573 1022 638 sustulit.
1076 572 1239 640 Crescebat
1271 603 1273 607 ¹

67 662 222 728 antemio
243 659 306 723 dies
328 665 414 722 aucta
434 657 613 745 voluptatum
634 658 844 743 libidinumque
870 659 1003 723 materia
1035 657 1129 746 Origo
1149 659 1238 726 huius

62 744 288 836 ⁴'depravationis
308 743 491 832 potissimum
511 764 551 807 ex
563 743 655 807 nimia
666 743 830 831 navigandi
842 742 1048 828 mercandique
1069 744 1238 831 cupiditate,

67 853 144 918 qnae
171 837 308 915 tauquam
333 827 502 917 pestilentia
531 827 629 913 ahqoa
655 827 807 893 invaserat
832 825 1051 909 Athenienses,
1077 830 1239 916 repetenda

67 924 124 982 est.
166 915 244 980 Nam
273 934 338 978 cum
364 912 472 978 multae
498 933 612 977 merces
633 934 673 978 ex
698 913 867 1001 peregrinis
889 912 978 976 terris
998 913 1238 1000 importarentur,

64 1001 262 1067 invitamenta
293 1019 406 1083 quoqne
442 996 569 1085 plurima
600 997 637 1062 ad
666 997 813 1063 luxuriam
847 996 1057 1081 libidinumque
1090 996 1238 1064 lenocinia

65 1085 302 1151 advehebantur:
332 1083 376 1147 ita
401 1087 434 1145 ut
459 1081 661 1147 Athenienses
694 1082 753 1147 iam
780 1081 957 1147 desidiosam
983 1087 1237 1169 sumptuosamque
1273 1137 1274 1141 ,

65 1170 158 1236 vitam
179 1168 300 1234 mallent
320 1188 427 1268 agere,
455 1188 540 1252 quam
567 1187 658 1254 agros
686 1167 784 1232 colere
811 1173 861 1231 aut
881 1166 961 1231 aliud
982 1166 1053 1231 utile
1075 1188 1148 1256 opus
1168 1189 1237 1270 pro-

65 1256 157 1321 fiteri.
198 1251 323 1317 Accedit
342 1252 432 1333 rllud,
453 1252 530 1337 quod
550 1252 705 1340 peregrini
725 1253 813 1316 etiam
834 1273 933 1317 mores
954 1259 1040 1338 atque
1062 1251 1236 1341 disciphnae

65 1362 86 1406 a
105 1339 220 1404 civibus
246 1344 315 1401 sunt
340 1343 491 1425 receptae,
516 1337 559 1401 ita
584 1343 618 1400 ut
637 1339 780 1402 maiorum
801 1337 936 1401 instituta
954 1357 1077 1424 prorsus
1098 1338 1237 1426 neghge·

64 1431 180 1493 rentur.
221 1422 309 1488 Adde
339 1422 428 1486 etiam
457 1422 547 1503 illud,
580 1422 656 1508 quod
683 1445 747 1487 eum
769 1420 906 1487 Athenae
933 1422 1021 1487 sedes
1050 1423 1135 1506 quasi
1167 1444 1241 1488 esse
1295 1475 1298 1489 .

65 1517 153 1596 atque
175 1508 276 1573 domus
298 1507 393 1571 omnis
413 1507 601 1572 humanitatis
615 1507 821 1589 crederentur,
843 1527 963 1606 cumque
985 1507 1128 1572 maximas
1150 1529 1235 1596 prae-

64 1595 173 1660 berent
191 1592 408 1658 commoditates
435 1591 671 1678 voluptatesque,
698 1592 781 1656 multi
805 1593 960 1680 peregrini
985 1592 1017 1655 in
1038 1593 1112 1658 urhe
1131 1614 1236 1658 versa·

63 1679 190 1760 bantur,
217 1677 267 1762 qui
294 1676 404 1740 divitiis
431 1676 534 1762 opibus
554 1697 591 1739 ue
612 1675 795 1740 abundantes
816 1676 922 1740 civium
943 1676 1050 1741 cultum
1071 1678 1235 1764 victumque

65 1764 163 1852 magis
184 1762 273 1827 etiam
293 1760 501 1848 depravabant
572 1760 685 1822 ratinns
710 1760 819 1845 igitur,
850 1760 986 1844 antiquae
1011 1760 1184 1848 disciplinae
1205 1768 1236 1828 et

64 1849 226 1938 patriorum
245 1846 444 1909 institutorum
466 1843 625 1907 acerrimus
646 1843 768 1924 vindan,
789 1864 893 1907 causas
914 1844 1001 1907 huius
1023 1866 1134 1910 morum
1156 1867 1247 1912 com-·

64 1931 235 1999 mutationis
256 1927 494 2016 corruptelaeque
515 1928 631 1992 videtur
651 1927 683 1991 in
704 1928 760 1992 hac
780 1926 882 1991 fabula
901 1927 1090 1993 indicavisse.
1130 1929 1234 2029 ltaque

63 2017 186 2083 morum
207 2016 240 2078 in
261 2035 379 2078 scenam
399 2013 517 2077 induxit
535 2013 685 2077 hominum
702 2011 953 2094 effeminatorum,
974 2018 1007 2076 ut
1026 2013 1082 2077 hac
1101 2013 1232 2101 imagine

63 2123 150 2189 quam
170 2121 250 2168 vana
271 2119 412 2184 quamque
438 2097 606 2199 perniciosa
626 2104 707 2162 esset
732 2096 791 2161 ista
818 2097 956 2162 mollities
977 2105 1007 2162 et
1026 2097 1145 2163 luxoria
1165 2119 1233 2188 spe-

62 2194 178 2252 ctantes
205 2184 351 2248 edoceret
391 2183 546 2271 Insignem
572 2183 745 2272 particulam
770 2204 811 2246 ex
837 2183 970 2249 oratione
998 2183 1081 2248 chori
1100 2184 1233 2250 servavit

60 2269 239 2338 Athenaeus
258 2267 328 2337 XV.
348 2289 377 2356 p.
398 2269 463 2334 68⁵
483 2267 530 2332 Bt·

147 2356 315 2429 Παντοίοις
335 2376 368 2457 pe
388 2352 450 2436 μὴν
470 2350 606 2438 κεφαλὴν
624 2348 774 2434 ἀνθέμοις
794 2349 970 2435 έρέπτομαι,

147 2441 303 2522 Λειρίοις,
325 2434 445 2523 ράδοις,
467 2438 613 2522 κρίνεσιν,
634 2434 911 2517 κοσμοσανδάλοις,
934 2436 1002 2515 ἴοις,

148 2526 213 2589 Καὶ
234 2524 445 2608 σισυμβρίοις,
466 2521 629 2604 ἀνεμωνῶν
649 2519 750 2598 κάλιξέ
767 2519 792 2586 τ’
815 2520 942 2606 ἠριναῖς,

143 2604 326 2696 Ἕρπάλλῳ,
347 2605 482 2691 κρόκοις,
503 2603 710 2683 tentatorem,
731 2604 893 2690 ἑλιχρύσου
913 2601 1039 2686 κλάδου,

152 2690 355 2779 Οἷνάνθῃσιν,
375 2689 578 2780 ἢμεροκαλλιῖ
593 2717 625 2757 τε
650 2697 696 2782 τῷ
717 2691 902 2780 φιλουμένῳ,

103 2822 106 2826 ·
141 2775 334 2865 Ἅνθράσκοο
357 2776 457 2863 φόβῃ,

149 2869 205 2950 Τῷ
219 2862 243 2928 τ’
258 2859 433 2971 ἀειφρούρῳ
454 2857 611 2950 μελιλώτῳ
632 2855 714 2946 κάρα
735 2857 922 2944 πυκάζομαι·

145 2949 215 3012 Καί
232 2973 287 3029 μοι
308 2966 430 3023 κυτισος
451 2943 626 3028 αὐτόματος
651 2945 736 3030 παρὰ
757 2946 921 3023 Μέδοντος
941 2946 1070 3031 έρχεται.

58 3031 139 3099 Sunt
158 3034 191 3098 hi
218 3054 323 3098 versus
350 3054 389 3098 ex
408 3034 474 3121 ipsa
493 3032 632 3120 parahasi
652 3033 749 3133 petiti:
777 3033 961 3121 coryphaeus
983 3033 1130 3097 hominum
1151 3031 1228 3098 effe·

57 3118 251 3198 minatorem,
278 3124 363 3216 caput
389 3118 481 3182 variis
502 3116 624 3181 floribus
645 3118 815 3200 redrmitus,
842 3118 1080 3206 adspectatores
1102 3138 1227 3182 conver·
1344 3144 1346 3148 ·

58 3225 111 3268 sus
137 3203 212 3267 haee
238 3202 373 3287 loqurtur.
416 3199 553 3268 Comicus
583 3201 662 3266 enim
691 3208 778 3290 poeta
798 3202 952 3289 exagitare
977 3201 1071 3267 voluit
1090 3201 1225 3268 insanam

57 3287 206 3356 luxuriam
227 3295 258 3351 et
277 3287 428 3352 molhtiem
448 3286 692 3368 Atheniensium,
714 3287 763 3371 qui
782 3288 926 3352 maximos
947 3294 1059 3350 sumtus
1079 3285 1132 3349 illo
1152 3293 1226 3350 tem-

56 3392 130 3462 poro
150 3372 251 3436 lacere
271 3371 407 3436 solebant
426 3373 458 3436 in
479 3371 568 3436 flores
590 3377 675 3457 atque
704 3370 848 3452 corollas,
869 3372 911 3436 ita
932 3377 963 3435 ut
982 3371 1015 3433 in
1035 3370 1091 3434 hae
1111 3390 1226 3468 quoque

55 3478 107 3539 re,
135 3456 219 3520 utin
239 3455 338 3521 multis
359 3457 442 3538 aliis,
469 3456 507 3521 ad
526 3455 743 3521 Parisiensium
764 3475 861 3519 mores
882 3455 1015 3543 proxime
1036 3462 1225 3521 accesserunt.

55 3539 103 3606 Eo
124 3542 190 3643 ipso
211 3541 329 3606 nomine
351 3542 438 3606 etiam
458 3541 656 3606 Pherecrates
676 3541 708 3604 in
728 3539 833 3604 Persis
860 3540 956 3640 facete
977 3560 1047 3604 sues
1067 3539 1224 3629 populares

56 3632 340 3791 oxlgllltpsoboixog
359 3709 415 3791 μὲν
436 3710 559 3790 ἐξερῶν,
581 3708 738 3773 ἀναπνέων
759 3705 790 3772 δ’
814 3703 973 3786 ὑάκινθον,

140 3796 207 3859 Καὶ
227 3790 424 3876 μελιλώτινον
444 3799 547 3857 λαλῶν
567 3797 618 3858 καὶ
641 3791 718 3879 ῥόδα
740 3789 951 3878 προσεσηρῶς·

134 3871 176 3944 Ὦ
197 3884 296 3966 φιλῶν
315 3879 372 3962 μέν
393 3874 567 3966 ἀμάρακον,
594 3883 765 3967 προσκινῶν
786 3878 820 3942 δέ
840 3877 996 3963 atatem

123 4181 152 4250 ·)
178 4182 343 4254 Προσκινῶν
366 4180 398 4236 δὲ
416 4183 510 4236 σέλινα
526 4184 565 4239 ita
588 4185 736 4258 explicant,
756 4190 787 4240 ut
803 4187 916 4239 obscena
933 4183 1061 4255 quaedam
1077 4183 1161 4238 subsit
1183 4182 1222 4237 si·

55 4248 206 4316 emnam,
222 4250 271 4302 sed
291 4251 315 4304 si
330 4251 504 4307 Pherecrates
528 4255 583 4307 tale
598 4255 662 4323 quid
683 4253 799 4307 indicare
815 4256 955 4321 voluisset,
977 4269 1033 4306 non
1053 4252 1220 4322 προσκινῶν,

56 4319 105 4372 sed
121 4317 207 4371 κινῶν
223 4317 343 4375 dixisset.
374 4322 470 4390 Neque
494 4322 617 4388 congruit
638 4321 704 4376 haee
720 4323 868 4378 obscenitas
890 4339 950 4375 eum
967 4321 1069 4402 reliqna
1090 4320 1220 4375 oratione:
