2760 4792
149 193 214 265 284
531 191 932 265 conninnnanionns

593 562 785 631 CAPUT
828 564 868 629 ll.

233 788 442 853 Pherecratem
462 789 582 874 propter
610 784 726 871 ingenii
746 783 964 849 similitudinem
987 781 1083 850 statim
1105 786 1212 851 suhiun
1237 787 1313 855 ‘mus

150 870 281 953 Crateti,
309 873 365 936 etsi
386 872 513 959 priorem
540 870 597 933 sihi
623 870 716 933 locum
737 869 902 950 vindicant,
929 869 955 932 si
984 871 1103 951 aetatis,
1130 892 1191 935 uon
1233 874 1313 961 igni-

149 959 219 1023 tatis
251 957 386 1021 habenda
420 961 467 1020 est
497 954 590 1033 ratio,
624 953 801 1041 Hermippus
836 962 866 1018 et
892 953 1072 1019 Teleclides.
1113 954 1311 1023 Pherecrates

150 1051 245 1107 autem
268 1049 336 1126 quot
363 1041 478 1105 lahslas
506 1041 564 1102 scri
585 1039 673 1119 serit,
715 1059 774 1101 non
819 1037 927 1103 redidit
953 1041 1110 1104 memoriae
1131 1039 1234 1105 doctus
1260 1041 1312 1107 illc

150 1127 363 1192 Grammaticus
391 1125 466 1212 apud
488 1060 675 1186 Dimlbrlium
692 1143 724 1271 p
745 1059 818 1186 xiil
836 1123 891 1187 24:
937 1120 1129 1207 Φερεκράτης
1145 1124 1311 1207 Ἀθηναῖος

149 1217 217 1319 sappi
240 1212 287 1274 lai
308 1206 444 1291 θεοίτρου
465 1203 630 1289 γενόμενος.
654 1203 670 1269 ὃ
708 1208 726 1270 ἐ’
745 1205 911 1313 ὖπγκριτὴς
931 1205 1058 1287 ἐζήλωκε
1075 1204 1239 1291 Κράτητα·
1260 1212 1311 1273 καί

149 1320 190 1359 αυ
220 1300 275 1358 τοῦ
302 1295 358 1374 μὲν
382 1293 530 1375 λοιδορεῖν
557 1291 690 1373 ἀπέστη,
733 1316 898 1375 αραγμοιτα
926 1293 959 1355 δὲ
987 1291 1197 1376 εἰσηγούμενος
1223 1294 1312 1357 καινὰ

149 1378 304 1482 ηὖὸοκίμρι
331 1373 487 1460 γενόμενος
513 1371 662 1459 εὑρετικὸς
687 1372 807 1459 μύθων.
850 1374 938 1440 Alius
961 1398 1031 1441 vcro
1056 1377 1126 1443 ibid.
1157 1400 1185 1467 p.
1206 1377 1312 1447 XVlll

152 1469 361 1545 Φερεκρατους
384 1462 426 1526 ait
457 1457 601 1544 δράματα
628 1456 679 1542 ιη’.
720 1459 831 1528 Verum
862 1461 915 1525 vix
942 1460 1069 1526 dubitari
1094 1469 1206 1550 potest,
1241 1463 1312 1549 quin

148 1547 200 1613 ille
226 1547 306 1610 locus
335 1553 488 1634 corruptus
515 1547 572 1628 sit,
614 1567 677 1609 cum
701 1544 913 1610 Grammaticus
941 1556 971 1609 et
991 1555 1121 1635 tempus,
1162 1567 1219 1633 qno
1246 1546 1311 1634 quir

148 1632 271 1721 primum
296 1632 409 1695 lahulas
431 1632 562 1695 docuerit
588 1638 618 1694 et
645 1651 795 1694 numerum
825 1630 1038 1695 comoediarum
1065 1642 1199 1697 accurate
1221 1654 1260 1697 ex

149 1738 222 1781 nere
243 1715 346 1780 solitus
374 1717 429 1797 sit,
459 1723 489 1778 et
513 1722 667 1801 praeterea
696 1714 798 1779 mirum
826 1715 866 1778 sit
887 1736 983 1802 genus
1010 1714 1140 1780 dicendi:
1166 1719 1236 1807 νικᾷ
1277 1718 1311 1781 ul

149 1797 285 1883 θεάτρου
305 1797 476 1884 γινόμειιοςι
502 1799 600 1884 itaque
621 1799 778 1885 legendum
800 1800 1052 1864 existimaveram:
1072 1803 1141 1862 κικ·
1162 1800 1222 1866 lul
1243 1795 1311 1867 καθ’

147 1885 216 1951 Ὀλ.
244 1888 291 1949 lul
319 1892 373 1948 τοῦ
400 1880 534 1968 θεάιρου
566 1880 721 1966 γενόμενος
754 1882 869 1959 αὐτὸς
898 1880 1077 1965 ὑποκριτής,
1119 1823 1246 1967 itiitere
1272 1884 1312 1953 dd

150 1966 315 2053 Κράτητα,
337 1992 404 2033 nam
427 1991 499 2033 sane
521 1969 598 2031 circa
619 1969 826 2054 octogesimam
847 1990 953 2032 nonam
973 1969 1176 2057 Olympiadem
1197 1971 1312 2037 Phere-

150 2062 246 2119 crates
267 2054 431 2119 comoedias
453 2053 568 2116 videtur
589 2052 741 2131 docuisse3
762 2058 793 2115 at
813 2074 890 2115 nunc
911 2074 1018 2117 censeo
1039 2053 1173 2119 laciliore
1190 2052 1313 2143 nogotio

150 2138 336 2204 scribendum
358 2160 426 2202 esse
447 2141 532 2221 νικᾷ
555 2132 611 2211 ια’,
632 2137 662 2200 h.
682 2157 710 2199 ο.
731 2132 898 2213 έκδεκοίκις,
929 2145 961 2203 nt
980 2138 1177 2204 Pherecrates
1198 2140 1313 2207 dicatur

150 2223 284 2288 undecim
312 2221 469 2284 comoediis
495 2220 620 2299 vicisse,
661 2219 803 2303 quonrodo
828 2220 876 2284 hic
902 2221 965 2285 ise
994 2221 1208 2289 Grammaticus
1237 2223 1314 2291 dixit

150 2328 255 2395 supra:
278 2302 409 2387 Μάγνης
430 2301 633 2384 dimovetur
654 2299 876 2386 ἀγωνισάμενος
884 2243 1031 2387 ἴίίήκηοι
1051 2308 1136 2383 νίκας
1155 2306 1243 2390 ἴσχεν
1259 2306 1314 2377 ια’.

152 2390 290 2456 Totidem
319 2399 413 2452 autem
440 2388 558 2453 fabulae
584 2389 711 2454 omnium
733 2389 919 2454 confessione
940 2392 1106 2457 tribuuntur
1125 2392 1313 2477 Pherecrati,

145 2472 276 2559 Ἄγριοι,
303 2470 495 2554 Αὐτόμολοι,
522 2476 553 2536 Γ
551 2479 636 2558 ρᾶες,
665 2470 957 2553 δουλοδιὸιίοκαλος,
980 2472 1174 2559 Ἔπιλήσμων
1199 2474 1226 2561 ἢ
1251 2474 1315 2543 θεί-

32 2560 37 2569 ’
151 2562 269 2643 buoso,
289 2557 387 2634 Ἰανὸς
406 2556 425 2639 ἢ
447 2560 616 2640 Παννυχίς,
639 2555 810 2642 Κοριαννώ,
831 2556 1050 2643 Κραιιάταλοι,
1071 2564 1193 2647 Λῆροι,
1215 2564 1314 2649 Μυρ-

150 2640 388 2727 μηκοίυθρωιιοι,
410 2641 550 2723 Πετοίλη,
575 2645 740 2726 Ίυραυυίς,
766 2645 995 2728 Ψευδηρακλῆς.
1030 2644 1075 2709 At
1094 2646 1215 2711 luerunt
1233 2646 1312 2715 aliut

151 2737 321 2817 praeterea,
353 2728 514 2812 dequibus
539 2728 735 2791 iamveteres
761 2729 897 2815 magistri
927 2729 1130 2816 ambigebant,
1172 2738 1313 2799 ementno

152 2813 189 2877 ad
216 2812 424 2876 Pherecratem
452 2820 597 2875 auctorem
628 2811 804 2876 referendae
834 2834 937 2878 necne.
978 2812 1019 2878 Et
1045 2815 1169 2901 primurn
1196 2814 1313 2901 quidem

150 2908 267 2961 veteres
298 2896 390 2960 critici
411 2895 597 2975 dubitabant,
623 2918 662 2959 an
678 2894 831 2979 Ἀγαθούς
852 2919 922 2962 vere
949 2897 1080 2962 docuerit
1098 2899 1313 2965 Pherecratem

151 3003 219 3045 nam
239 2980 411 3045 Athenaeus
434 2981 548 3065 quidem
574 2980 606 3044 in
633 2982 726 3045 trihus
752 2980 840 3064 locis,
867 2983 918 3046 uhi
938 2984 1109 3046 Bonorum
1134 2984 1313 3051 mentionem

150 3065 241 3147 facit,
273 3088 291 3129 a
318 3064 468 3130 nonnullis
494 3066 532 3129 ad
559 3064 685 3130 Strattin
712 3073 858 3130 auctorem
884 3066 939 3131 hoc
966 3067 1067 3131 drama
1091 3067 1216 3135 relatum
1243 3088 1314 3135 esse

150 3148 251 3215 docet:
277 3150 388 3215 Pollux
409 3149 457 3234 qui
479 3149 559 3214 solus
579 3158 697 3238 praeter
716 3149 794 3214 hunc
814 3151 982 3215 memoriam
1002 3151 1089 3216 huius
1109 3152 1228 3217 lahulae
1249 3172 1316 3217 ser·

150 3235 243 3316 navit,
264 3235 306 3299 uti
326 3257 428 3322 parum
450 3243 583 3299 accurate
603 3234 635 3299 in
657 3234 757 3299 critica
780 3234 935 3323 disciplina
954 3236 1070 3301 versari
1091 3235 1177 3319 solet,
1197 3236 1316 3301 Phere-

151 3321 227 3383 crati
248 3340 307 3383 non
330 3320 495 3384 dubitanter
515 3320 617 3383 tribuit
635 3318 675 3383 X.
694 3320 754 3385 47:
797 3320 914 3403 Δίφροι
936 3316 1091 3396 ὀκλαδίαι,
1112 3322 1216 3405 δίφροι
1239 3322 1316 3387 διω-

149 3404 272 3554 {i‘vii
296 3401 1317 3573 lttf“⁰ttttt03ttl⁰h‘'tt‘3533a,0²tt‘²d}ll}tt‘tttr

148 3566 340 3651 ’ίσχαδιοκιῦυ
360 3569 431 3656 ἔφη.
462 3554 609 3637 'Stratum
630 3592 700 3637 vero
722 3573 808 3637 etiam
830 3571 939 3637 Suidas
958 3575 1088 3639 trihnere
1109 3568 1319 3657 ridetur,'ei·

173 3657 268 3721 uidem
298 3656 325 3721 is
356 3657 388 3719 in
415 3678 567 3722 numerum
599 3656 762 3721 fabularum
790 3655 958 3740 Strattidis,
1000 3678 1073 3742 quas
1102 3658 1206 3723 ordine
1234 3678 1262 3723 s.
1283 3678 1317 3729 ν.

152 3674 302 3825 bradan<
328 3749 499 3828 percenset,
532 3741 619 3806 etiam
646 3742 739 3806 relert
760 3739 913 3824 Ἀγαθοὺς
939 3741 1006 3824 ἢτοι
1029 3741 1190 3826 Ἀργυρίου
1211 3740 1317 3829 Ἀφα-

153 3822 261 3903 κιιιμόν
274 3851 287 3887 .·
336 3825 437 3889 eodem
475 3826 560 3889 modo
608 3825 682 3890 haec
719 3826 806 3891 etiam
849 3826 925 3916 apud
964 3826 1124 3893 Eudociam
1161 3826 1319 3915 leguntur·

150 3906 324 3975 Meinekius
355 3910 469 3994 quidem
499 3912 529 3973 in
558 3908 677 3983 Quaest.
698 3909 788 3975 Scen.
807 3910 847 3974 ll.
873 3932 902 3998 p.
922 3908 964 3976 64
990 3919 1092 3976 censet
1116 3911 1317 3999 importunum

150 3992 225 4058 illud
246 3992 266 4074 ἢ
287 4018 333 4057 ιοι
355 3994 501 4082 planede
522 3994 617 4059 medio
638 3994 797 4061 tollendum
817 4015 901 4077 esse,
921 4000 953 4059 nt
974 3994 1048 4064 duae
1070 3995 1207 4063 diversae
1226 3994 1317 4063 fabu-

151 4075 199 4143 lae
220 4087 496 4161 commemorentur,
521 4101 581 4144 una
596 4077 740 4163 Ἀγαθοί,
761 4079 825 4144 sive
846 4080 1034 4144 Pherecratis
1061 4080 1126 4145 sive
1146 4080 1315 4167 Strattidis,

150 4161 245 4228 altera
260 4162 419 4245 Ἀργυρίου
440 4157 629 4248 ἀφανισμός,
657 4165 739 4229 cuius
765 4184 825 4229 non
846 4164 943 4230 minos
971 4164 1084 4230 incerta
1103 4163 1194 4229 luerit
1212 4173 1316 4231 αοαῐο-

149 4246 234 4313 titas.
253 4246 414 4315 Existimat
433 4250 512 4316 enim
531 4248 705 4315 Mcinekins
725 4249 802 4314 hanc
821 4267 882 4315 nun
903 4268 971 4315 esec
991 4248 1140 4316 diversam
1160 4272 1179 4315 a
1199 4270 1315 4341 cogno·
