2768 4770
335 200 395 270 DE
417 198 559 278 numu.
581 199 769 280 COMOED.
787 203 896 272 ATT.
916 205 1061 282 sumu.
1215 207 1281 276 295

194 371 312 450 Ζωμοῦ
332 367 464 450 μέλανος
485 371 537 432 καλ
553 366 729 450 Ἀχιλλείοις
748 365 860 451 μάζαις
881 373 1080 454 κοχυδοῦντες
1100 371 1227 456 ἐπιβλὺξ

189 451 267 519 >tut
308 458 371 520 τῶν
403 457 520 538 Πηγῶν
561 460 624 519 τῶν
662 460 719 519 τοῦ
751 454 900 564 ΙΙλρδρου
914 452 1151 604 &deduceret
1191 463 1280 547 σφῶν
1359 466 1362 472 ’

800 565 820 602 α
841 565 914 605 Ιλϊξσ
940 567 984 607 αἱ.

103 621 164 693 sed
186 621 290 688 eadem
310 622 407 687 forma
428 642 500 687 usus
522 626 569 687 est
589 622 677 688 etiem
697 565 857 713 Euripidds
878 626 911 692 in
932 625 1056 695 Theseu
1076 625 1131 696 ur.
1149 625 1180 693 l:

113 756 117 763 .
195 704 292 791 Κάρα
312 731 344 772 τε
365 704 424 792 γάρ
446 731 504 771 σου
526 712 642 790 σνγχεῶ
663 702 774 790 κόμαις
795 705 883 790 ὁμοῦ,

189 787 295 856 ‘Paeo
315 816 349 856 τε
370 788 478 857 πεδόσ’
503 790 855 879 ἓγκέφαλον,’ὂμμολτων
875 792 907 860 δ’
930 792 992 862 dab

193 876 392 961 Αἷμοσταγιῖ
408 880 563 963 πρηστῆρι
583 874 742 965 ῥεύσονται
764 875 858 944 κάτω.

105 958 209 1047 Atque
230 963 319 1028 etiem
340 969 444 1047 quarta
464 963 582 1045 fabule,
605 962 766 1029 Chironem
788 964 870 1046 dieo,
891 986 977 1051 quam
999 966 1110 1052 antiqui
1126 965 1280 1032 Gramma-

106 1046 161 1115 tici
182 1067 292 1134 magno
317 1055 350 1111 ut
376 1047 492 1112 videtur
518 1069 666 1113 consensu
693 1049 869 1114 Phereereti
895 1050 1063 1115 abiudicent
1093 1056 1123 1115 et
1147 1050 1280 1139 plerique

105 1131 288 1197 Nicomacho
309 1132 471 1214 vindicent,
492 1132 633 1231 quaedam
655 1134 801 1216 continet,
821 1141 960 1220 quantum
980 1134 1096 1222 quidem
1117 1157 1157 1199 ex
1179 1137 1280 1224 paucis

106 1215 206 1301 iisque
227 1217 371 1305 corruptis
393 1218 526 1302 reliquiis
548 1219 717 1283 coniectura
734 1220 854 1318 assequi
873 1220 961 1302 licet,
989 1241 1064 1306 quoe
1084 1220 1173 1285 facile
1194 1243 1280 1286 seue·

105 1302 207 1366 riores
221 1300 313 1365 Attici
335 1303 480 1366 sermonis
503 1303 607 1368 arbitri
627 1303 873 1405 improbaverunt:
895 1305 1020 1368 ethaeo
1041 1325 1153 1390 quoque
1173 1307 1281 1393 purtim

106 1386 311 1451 excusationis
340 1388 412 1451 sutis
434 1388 559 1474 hubent,
622 1394 707 1453 ertum
730 1410 748 1453 ο
769 1390 936 1477 suspicione
962 1389 1052 1454 facile
1078 1397 1203 1478 possunt
1229 1392 1280 1456 de·

106 1469 208 1540 feudi:
229 1493 331 1536 verum
352 1473 426 1536 hoec
437 1473 553 1557 quidem
572 1409 675 1538 fabula
696 1475 907 1540 accuratiorem
916 1472 1033 1562 flagitet
1043 1474 1281 1565 disputationem,

107 1574 196 1643 quum
216 1556 249 1620 in
272 1557 351 1621 aliud
373 1563 484 1644 tempus
507 1557 617 1623 distuli.
1094 1603 1098 1609 -

194 1640 262 1706 Etsi
282 1643 375 1729 igitur
400 1642 474 1707 illud
496 1640 713 1707 concedendum
740 1645 803 1722 est,
830 1641 932 1706 iubis
958 1641 1116 1708 comoediis
1137 1644 1281 1713 nonnullo

104 1725 252 1813 reperiri,
294 1747 368 1811 quoe
400 1749 418 1791 ο
445 1727 495 1791 vul
519 1727 565 1790 eri
591 1726 737 1794 sermonis
763 1725 858 1789 Attici
885 1727 1096 1792 consuetudine
1129 1729 1280 1813 recedunt,

105 1829 240 1905 quaeque
265 1813 371 1903 purtim
398 1812 459 1875 sint
486 1748 619 1876 obsoleto
638 1810 745 1898 purtim
772 1810 832 1873 rint
856 1816 982 1887 novuto,
1024 1832 1085 1875 non
1105 1818 1204 1877 tumen
1225 1814 1282 1881 hoc

106 1903 313 1987 argumentum
340 1904 452 1961 tuntum
473 1896 568 1978 velet,
595 1917 646 1959 ees
672 1894 788 1959 subulas
810 1899 843 1958 ut
861 1893 1037 1958 Pherecruti
1066 1895 1279 1962 abiudicemusr

105 1998 235 2065 numque
262 1982 349 2046 etium
378 1982 411 2046 in
437 1981 475 2045 iis
502 1980 628 2062 fabulis„
659 2000 731 2064 quus
757 2000 845 2045 nemo
870 1999 997 2064 uuquam
1023 1980 1056 2044 in
1083 1981 1280 2069 suspicionem

105 2084 218 2165 vocefe
246 2087 335 2166 pusus
357 2072 424 2166 est,
458 2065 553 2216 plura
578 2065 783 2153 reperiuntur,
826 2085 900 2214 puae
920 2064 1051 2215 rrluuitute
1067 2066 1206 2173 ²meurime
1233 2066 1281 2214 ip·

105 2149 566 2386 ὲλδέ.,”ζλ.δλλλ“λὲἶλ
581 2156 619 2301 d
633 2171 732 2299 itt
774 2168 935 2299 titt?
947 2169 1281 2318 tttt’tddttts

136 2322 338 2386 rummuticum
357 2321 495 2386 Bekkeri
516 2321 558 2387 T.
579 2319 604 2386 Ι.
697 2324 755 2400 33,
772 2320 828 2402 20)
856 2324 1139 2404 σογκαρκινοῦσθαι
1164 2321 1197 2386 in
1217 2320 1280 2386 Fu-

114 2400 214 2469 “eus
247 2405 327 2490 (viu.
353 2405 465 2473 eoum
496 2404 565 2474 vu.
593 2319 972 2557 1dd‚4flaru⁰⁰r³ti⁰flp
994 2406 1116 2488 ¹⁰⁶r³
1147 2406 1216 2491 θῶ)
1250 2412 1282 2473 ⁰²

128 2490 282 2575 τρααίζειν
302 2490 411 2556 ibidem
433 2490 549 2572 (Bekk.
565 2489 695 2554 Grumm.
715 2488 741 2553 l.
783 2486 903 2574 .460).
984 2489 1018 2555 iu
1040 2489 1156 2560 vetulis
1177 2489 1281 2557 mulie·

105 2574 192 2643 ribus
214 2575 289 2645 dixit
310 2577 598 2641 cuutrn·Attiuorum
621 2509 781 2638 consuetud

190 2657 371 2744 Ἅθηναίαις
392 2658 499 2736 αὐτοῖς
520 2685 552 2724 τε
573 2659 624 2722 καλ
645 2666 713 2734 ταῖς
733 2653 913 2740 ξυμμάχοις.

106 2754 175 2812 cuni
194 2743 303 2829 Attici,
334 2746 424 2811 veriti
445 2768 483 2810 ne
505 2744 590 2809 deam
612 2743 644 2807 iu
671 2744 753 2810 cuius
774 2742 867 2809 tutela
895 2745 981 2808 erunt
1005 2740 1137 2830 ipsorum
1157 2763 1207 2808 res
1228 2764 1283 2832 pu·

105 2830 204 2897 blicue
230 2838 261 2895 et
289 2830 439 2919 privatae,
481 2828 635 2895 laederent
662 2835 712 2892 unt
737 2828 806 2915 quid
838 2827 876 2897 dc
903 2828 1050 2915 dignitate
1082 2828 1282 2912 detraherent,

99 2913 244 2991 Ἀττικὰς
263 2925 408 2999 γυναῖκας
430 2915 528 2982 dicere
549 2914 611 2980 siut
631 2913 728 2997 soliti,
757 2913 801 2981 uti
821 2919 870 2978 est
899 2913 977 3004 opud
997 2910 1230 3006 Aristophanem
1248 2914 1282 2983 in

105 2998 285 3089 Lysistrutu
304 3022 334 3066 v.
354 3001 414 3066 56:

188 3082 288 3163 Ἀλλ’,
310 3078 335 3149 ὦ
354 3081 436 3166 μέλ’,
464 3080 537 3166 dmm
557 3082 615 3167 γὰρ
638 3077 754 3169 σφόδρ’
779 3077 876 3158 αδτδις
893 3077 1034 3158 Ἀττικδς

186 3165 325 3236 Ἅπαντα
346 3166 470 3256 δρώσας
489 3173 546 3233 τοῦ
568 3167 690 3243 δέοντος
709 3165 849 3252 ὕστερον.

106 3251 204 3320 utin
224 3254 376 3322 Coriauno
399 3253 475 3319 dixit
496 3252 570 3328 (vid.
591 3251 676 3322 Suid.
698 3253 740 3318 T.
760 3251 786 3317 Ι.
807 3273 837 3341 p.
857 3250 955 3336 215):

354 3337 444 3424 Ἀνὴρ
467 3339 500 3402 δὲ
520 3337 616 3424 γέρων
637 3334 801 3413 ἀνόδοντος
822 3331 977 3417 diridet.

107 3421 187 3509 quod
218 3423 254 3490 ob
281 3421 448 3490 Atticorum
481 3423 692 3497 consuetudine
752 3422 834 3487 rooul
863 3420 991 3503 recedit,
1023 3419 1178 3507 cumipse
1207 3418 1282 3486 ulios

107 3507 223 3658 usit2426tp
243 3509 342 3658 {ormo
366 3509 407 3576 sit
427 3529 516 3592 usus,
542 3509 630 3578 sicuti
655 3508 689 3575 in
739 3508 799 3573 eris
821 3504 999 3574 Hominibus
1028 3527 1075 3598 up.
1094 3503 1208 3575 Athon.
1228 3503 1281 3574 vl.

81 3735 84 3740 .
106 3614 126 3684 P
195 3673 272 3741 Εἶτα
294 3676 372 3764 πρὸς
392 3672 544 3745 τούτοισιν
560 3673 656 3762 ἤλουν
677 3673 805 3764 δρδριαι
826 3674 865 3740 τὰ
886 3675 978 3741 σιτία.

106 3762 426 3915 1Slilugrulupeoprorsus
453 3770 515 3846 est,
544 3764 635 3851 'quod
661 3763 695 3828 iu
722 3761 874 3830 Coriuuno
903 3760 978 3828 dixit
1006 3759 1080 3846 (rid.
1102 3758 1213 3827 Suidus
1240 3759 1282 3848 T.

186 3853 390 4014 ΒΥοσκυλκμᾶς
411 3929 488 4015 ἀνὴρ
511 3931 618 4018 γέρων.

57 4035 62 4041 ·
107 4018 214 4107 Neque
241 4039 315 4083 seue
342 4039 382 4082 ex
403 4017 569 4082 Atticorum
595 4037 733 4082 sermone
748 4016 880 4168 petitum
908 4022 971 4098 est,¹
1013 4010 1089 4101 quod
1121 4014 1155 4078 iu
1181 4011 1283 4079 eadem

106 4103 212 4170 fabulo
233 4103 310 4167 dixit
329 4101 445 4184 ἆααρτὶ
468 4102 542 4184 (vid.
564 4101 727 4168 Grummet.
779 4102 888 4168 ekkeri
910 4100 953 4168 T.
973 4100 999 4168 Ι.
1020 4121 1050 4190 ρ.
1068 4095 1145 4182 418,
1167 4099 1223 4165 Ιδι

188 4189 321 4272 ’Λιιαρτλ
340 4187 397 4270 μὲν
419 4179 473 4252 οὖν
493 4189 563 4270 ἐμοὶ
582 4188 640 4271 μέν
660 4182 740 4266 εἰκός.
759 4186 820 4255 ἐστ’
844 4187 929 4275 ἐρᾶν,
1064 4236 1067 4241 ·

195 4274 255 4338 Σοὶ
276 4270 309 4336 δ’
334 4269 443 4336 οὐκέθ’
466 4267 544 4358 (δρα.
800 4298 845 4343 :eu

781 2573 877 2639 inem:
