2768 4770
335 203 396 274 DE
417 203 560 282 uma.
582 202 771 276 COMOED.
791 203 898 274 A'l'l'.
918 201 1066 281 AN'HQ·
1237 206 1280 278 41

101 374 192 463 sequi
223 379 255 440 et
279 372 312 439 in
337 373 487 440 hominum
519 374 722 440 contumoham
749 380 932 441 convertere.
980 373 1029 440 Ae
1093 375 1150 441 tios
1184 383 1281 444 autem

101 463 136 528 in
157 467 243 526 terra
257 458 360 524 Attica
381 458 468 524 sedes
490 461 605 549 cepisse
625 461 785 525 memoriae
825 460 935 526 radidit
956 396 1281 552 euamghlheopompus,

103 546 166 613 vid.
189 545 302 610 Euseh.
323 543 403 608 Prae
425 567 466 609 ar.
488 544 606 633 Evang.
627 544 666 629 X.
690 546 745 610 10:
781 481 850 610 “clu
880 569 913 609 τε
934 541 1121 627 Ἀθηναίους
1140 551 1203 610 τῶν
1224 547 1282 612 asi.

103 635 168 697 τῶν
189 629 374 713 Αἰγυπτίοις
394 566 558 695 ἀπολαύειν
584 627 662 704 εἰκὸς
689 621 754 711 ήν,
775 627 920 704 ἀποίκους
947 631 1064 694 ἐκείνων
1092 629 1282 715 ύπονοουμί-

56 754 59 761 ·
103 740 196 791 ναυς,
229 710 272 791 ῶς
294 739 389 799 φασιν
410 712 498 778 ἀλλον
523 739 556 780 τε
577 717 628 778 καὶ
651 715 683 777 ἒν
704 718 748 800 τῷ
771 709 956 801 Τρικαράνῳ
982 713 1175 796 Θεόπομπος.
1217 717 1282 784 Ae-

104 801 244 901 gyptiam
271 805 368 863 auteur
395 801 541 887 originem
568 807 601 864 ut
627 797 768 865 Cratinus
789 799 935 886 Lycurgo
958 802 1166 887 exprobraret,
1204 805 1282 868 cula-

103 887 186 952 siran
207 885 237 949 ei
257 884 376 964 tribuit,
409 892 519 949 vestem
546 883 778 984 Aegyptiacam:
821 884 933 968 δίφρον
954 905 1006 947 cur
1027 885 1140 951 dederit
1183 896 1282 952 estan-

104 971 177 1036 oum
209 989 272 1034 non
304 970 378 1033 satis
404 969 570 1057 perspicio,
615 969 674 1033 msi
707 971 785 1032 forte
813 970 937 1033 eundem
969 976 1105 1053 tanquam
1127 994 1144 1035 e
1170 975 1281 1038 emina-

104 1063 170 1121 tum
193 1054 285 1118 voluit
305 1054 469 1152 castigare:
500 1052 615 1142 puellae
643 1053 722 1118 enim
749 1053 781 1116 in
808 1055 902 1117 sacris
923 1052 1080 1118 Minervae
1105 1056 1162 1120 hoc
1183 1058 1281 1125 officio

104 1139 329 1227 fungebantur,
368 1138 437 1204 ride
481 1146 580 1203 raeter
611 1139 685 1204 alios
707 1137 861 1238 Aristoph.
894 1136 974 1203 Ανν.
1000 1159 1031 1203 ν.
1064 1140 1156 1206 1551.
1182 1143 1281 1227 ibique

105 1223 213 1291 Schol
234 1259 275 1273 -
318 1221 369 1287 Ad
398 1160 520 1288 caulem
542 1223 766 1287 sollemnitatem
789 1230 877 1288 otram
897 1222 1087 1288 referendum
1107 1232 1177 1314 puto
1197 1227 1282 1313 illud,

104 1308 188 1395 quod
212 1307 325 1396 legitur
351 1308 427 1395 apud
455 1307 651 1373 Scholiastam
679 1307 831 1456 Aristcph.
856 1307 949 1456 Vesp.
975 1329 1005 1373 ν.
1031 1307 1110 1374 542:
1158 1311 1281 1376 Θαλλο-

105 1389 229 1480 φόρους
259 1392 317 1476 γὰρ
351 1389 410 1478 ἔφη
436 1390 624 1474 βουλόμενος
653 1392 726 1467 τοὺς
750 1416 896 1477 γροντας
941 1396 1074 1475 ηλῶσαι,
1118 1396 1221 1480 ἐπειδὴ
1248 1399 1281 1462 ίν

102 1487 175 1553 τοῖς
196 1479 434 1559 Παναθηναίοις
455 1478 483 1542 oi
504 1478 642 1561 γέροντες
661 1478 801 1553 θαλλούς
822 1476 939 1559 ἔχοντες
960 1474 1140 1558 ἐπόμπευον.
1164 1478 1207 1557 ῶς
1228 1473 1283 1546 οὖν

104 1565 153 1639 εἲς
175 1560 265 1627 οάδίν
286 1560 381 1627 ὄντων
398 1563 559 1647 χρησίμοιν
580 1561 682 1626 αὐτῶν
702 1560 761 1638 ita
781 1569 837 1626 τοῦ
859 1566 1077 1648 θαλλοφορεΐν,
1104 1562 1201 1642 οὕτως
1223 1567 1282 1631 αὖ·

103 1646 186 1723 τούς
206 1646 391 1728 ἐπέσκωψεν.
437 1645 478 1711 Ὅ
503 1646 607 1729 μίντοι
634 1647 825 1731 Δικαίαρχος
846 1648 878 1712 ἔν
902 1653 946 1734 τῷ
968 1651 1202 1737 Παναθηναϊκῷ
1225 1651 1282 1718 ούκ

107 1728 184 1797 οἶδα
210 1732 243 1808 ἐξ
269 1728 342 1797 ὅτου
363 1731 437 1796 ποτὲ
457 1734 507 1794 καὶ
529 1729 585 1806 τὰς
605 1737 701 1814 γραῦς
722 1733 754 1794 ἐν
774 1740 838 1806 τοῖς
858 1733 1096 1813 Παναθηναίοις
1117 1731 1178 1798 εἷπε
1199 1740 1282 1799 θαλ-

104 1820 266 1903 λοφορεῖν.
307 1815 508 1903 Ξενοφῶντος
527 1815 584 1894 μὲν
604 1817 637 1878 ἐν
657 1815 836 1900 Συμποσίῳ,
861 1811 1034 1898 Φιλοχόρου
1056 1817 1090 1880 δὲ
1111 1820 1143 1881 ἐν
1163 1825 1200 1904 τῇ
1213 1823 1284 1885 δευ-

104 1901 208 1990 τίρηε,
238 1897 272 1976 ὅς’
295 1924 327 1984 γε
354 1904 404 1965 καὶ
433 1899 487 1964 τὸν
507 1895 682 1987 κατήθοντα
705 1900 739 1982 (l.
762 1895 947 1982 κατάγοντα)
975 1898 1011 1963 τὸ
1039 1899 1115 1976 ἔθος
1134 1901 1283 1987 Ἐριχθό-

108 2009 184 2050 νιον
209 1985 368 2068 συνίστησι.
411 1983 610 2068 Μνημονεύει
637 1988 692 2047 τού
720 1981 815 2060 ἔθους
835 1986 868 2048 K
900 1992 1032 2060 ατῖνος
1051 1986 1119 2065 μὲν
1145 1989 1182 2051 ἓν
1207 1991 1284 2073 Λη-

108 2065 239 2148 λιάσι,
282 2073 325 2135 (oa
345 2066 473 2156 εκράτης
498 2070 532 2133 δὲ
559 2070 591 2132 ἒν
613 2065 827 2151 Ἐπιλήσμονι.
911 2071 1086 2157 cnophontis
1120 2071 1200 2137 locus
1237 2083 1283 2140 est

108 2153 253 2244 Sympoa
275 2178 299 2220 c.
320 2095 352 2239 1,
375 2157 430 2220 17:
475 2150 699 2238 Θαλλοφύρους
725 2154 784 2240 γὰρ
811 2157 849 2240 τῇ
866 2151 986 2243 Ἀθηνᾷ
1006 2154 1079 2232 τούς
1100 2159 1212 2235 καλούς
1232 2161 1283 2244 γί-

108 2264 226 2326 ροντας
246 2239 424 2324 ἐκλέγονται,
447 2235 488 2316 ῶς
509 2246 846 2322 συμπαρομαρτοῦντος
858 2235 991 2326 πύσῃτῇ
1012 2238 1114 2330 ἡλικίη
1134 2250 1189 2307 τοῦ
1212 2241 1283 2308 κάλ-

107 2331 197 2401 λους.
238 2323 351 2393 Verum
373 2325 512 2392 Cratinus
536 2346 595 2388 non
618 2325 655 2389 de
676 2323 953 2388 Panathenaeorum
974 2327 1053 2390 festo
1072 2327 1146 2392 haec
1168 2329 1281 2396 dixisse

106 2409 244 2492 violetur,
271 2410 326 2474 sed
347 2409 383 2474 de
405 2410 502 2474 Dehis
525 2409 637 2474 sacris:
680 2430 748 2473 nam
769 2410 811 2473 ihi
833 2429 945 2495 quoque
967 2412 1105 2495 cuiusque
1127 2416 1230 2479 aetatis
1253 2424 1283 2481 et

107 2494 209 2559 auius
228 2516 265 2558 ue
286 2516 378 2558 sexus
399 2494 588 2583 pulcherrimi
610 2493 649 2558 eli
690 2494 806 2574 bantur,
828 2494 877 2579 qui
897 2515 1019 2584 pompae
1039 2496 1229 2582 interessent,
1250 2501 1282 2566 iu

109 2578 190 2665 quod
209 2514 296 2644 locet
315 2579 482 2668 Xenophon
501 2578 628 2644 Memor.
650 2515 710 2643 111.
731 2583 762 2646 3.
784 2580 834 2644 12.

156 2750 177 2769 ‘'
197 2746 276 2812 Puto
309 2747 386 2813 enim
422 2749 509 2812 etiam
535 2747 568 2814 in
594 2747 677 2813 Delii
705 2748 799 2813 sacris
825 2747 937 2829 inisse,
978 2749 1026 2834 qui
1056 2750 1152 2816 olivae
1182 2775 1281 2818 ramos

109 2853 216 2898 sacros
236 2832 304 2898 illos
327 2832 441 2917 quidem
461 2833 610 2921 Apollinis
633 2838 795 2942 gestarent.
827 2832 1003 2915 *Confirmat
1022 2837 1079 2900 hoc
1100 2835 1283 2927 Scholrlri·

110 2917 211 3006 stoph.
237 2917 385 3003 Equitum.
406 2939 435 2982 v.
456 2920 535 2982 726:
578 2921 708 3002 Κρατης
735 2917 768 2981 (λε’
790 2913 806 2980 ὃ
828 2915 995 2999 Ἀθηναῖος
1015 2922 1047 2984 ἓν
1067 2927 1110 3006 τῷ
1133 2926 1199 3004 περὶ
1221 2930 1282 2987 τῶν

102 2999 259 3084 Ἀθήνησι
285 3007 421 3078 θυσιῶν,
452 3001 585 3088 ἀφορίας
611 3001 684 3067 ποτέ
709 2998 922 3084 κατασχούσης
948 3004 1006 3086 τήν
1032 3002 1133 3082 πόλιν,
1163 3007 1284 3071 θαλλόν

110 3110 193 3175 φασι
215 3086 470 3168 καταστίιμαντεις
491 3089 582 3172 ε’ρίοις
603 3086 755 3171 ἱκετηρίαν
781 3086 942 3150 ἀναθεῖναι
964 3094 1008 3174 τῷ
1024 3087 1200 3154 Ἀπόλλωνι.
1234 3094 1283 3177 qui

108 3191 178 3237 mos
200 3173 288 3236 etiam
309 3179 378 3235 tunc
398 3172 514 3235 violetur
535 3179 689 3236 revocatus
701 3194 778 3236 esse.
821 3171 902 3236 Hinc
914 3173 1021 3237 ibidem
1034 3174 1159 3262 legitur:
1195 3178 1283 3254 Τινὲς

110 3256 147 3318 δὲ
168 3253 223 3318 τὸν
246 3257 352 3339 Θησέα
375 3259 451 3341 φασὶ
472 3256 549 3337 μεθ’
574 3255 608 3320 ὃν
629 3257 736 3339 καιρὸν
764 3259 805 3331 εἷς
826 3254 954 3339 Κρήτην
979 3256 1077 3335 ἔπλει,
1109 3257 1283 3342 προσχύντα

108 3335 212 3426 Δήλῳ
239 3339 290 3404 ἀιά
313 3346 450 3422 χειμῶνα
480 3339 631 3416 εύξασθαι
657 3346 702 3426 τῷ
729 3336 908 3405 Ἀπόλλωνι
935 3344 1186 3424 καταστίψεσθαι
1208 3343 1284 3410 κλύ-

111 3426 181 3500 δοις
207 3426 325 3502 ἐλαίας,
365 3424 438 3488 ὅταν
465 3432 554 3510 σωθῇ
576 3424 631 3489 τὸν
650 3420 860 3507 Μινώταυρον
887 3426 1074 3504 ἀποκτείνας,
1096 3431 1147 3491 καὶ
1168 3428 1284 3495 θυσιά-

110 3529 195 3575 σειν·
222 3512 273 3572 καὶ
293 3511 347 3593 τήν
367 3509 519 3594 ἱκετηρίαν
539 3507 654 3593 ταύτην
675 3509 913 3592 καταστίψαντα
925 3509 1041 3594 ἑψῆσαι
1060 3509 1178 3594 χύτραν
1199 3513 1284 3579 auct·

112 3618 173 3676 ρης
198 3596 249 3656 καὶ
276 3593 380 3669 ἔτνους
406 3598 457 3659 καὶ
488 3594 595 3676 βωμὸν
622 3592 823 3677 ἶάρύσασθαι.
870 3595 983 3661 lhitlcrn
1012 3597 1087 3662 alius
1116 3598 1284 3666 Scholiasta

112 3678 186 3743 dicit
204 3678 386 3767 Pyanepsiis
408 3688 438 3744 et
451 3681 627 3767 Thargeliis
651 3682 720 3763 (hoc
741 3689 788 3745 est
807 3680 913 3746 iisdem
935 3681 1037 3746 diebus
1059 3684 1157 3766 festia,
1179 3687 1283 3770 quihus

112 3784 201 3828 sacra
221 3762 333 3851 legatio
354 3764 426 3828 Deli
446 3764 595 3853 Apollinis
617 3766 751 3830 natalitia
777 3765 957 3851 celebrabat)
1009 3789 1096 3833 ueros
1117 3769 1283 3834 Athenien-

112 3869 165 3913 ses
193 3850 360 3953 gestavisse
391 3871 488 3914 ramos
522 3850 635 3914 olivae:
677 3853 870 3931 Πυανεψίαις
899 3853 950 3915 καὶ
980 3789 1165 3937 (ἀαργηλίοις
1187 3852 1284 3942 Ἡλίῳ

112 3934 166 3996 καλ
186 3931 297 4010 Ὥραις
329 3931 524 4018 ἑορτάζουσιν
541 3934 729 4017 Ἀθηναῖοι,
765 3937 892 4022 φίρουσι
920 3936 953 4000 δέ
982 3938 1010 4002 oi
1032 3941 1137 4015 παῖδες
1157 3937 1230 4016 τούς
1251 3964 1284 4004 τε

111 4013 256 4092 θαλλούς
281 4018 373 4103 ἐρίοις
400 4020 659 4103 περιειλημένους,
695 4017 768 4084 ὅθεν
794 4023 959 4102 εἰρεσιῶναι
987 4022 1122 4106 λέγονται
1144 4028 1193 4089 καὶ
1215 4022 1284 4089 τού-

111 4124 188 4179 τους
215 4100 277 4187 πρὸ
302 4109 364 4168 τῶν
393 4108 501 4190 θυρῶν
527 4111 688 4190 κρεμῶσιν.
738 4104 940 4188 Cantilenam,
973 4128 1029 4193 qua
1055 4111 1139 4196 pueri
1166 4110 1210 4174 illi
1237 4110 1284 4175 usi

112 4192 202 4269 sunt,
234 4189 365 4253 servavit
389 4189 469 4254 idem
497 4188 709 4257 Grammaticus
736 4197 767 4256 ct
785 4191 964 4259 Plutarchus
985 4194 1018 4259 iu
1037 4197 1101 4264 vita
1121 4193 1237 4260 Thesei
1257 4215 1284 4261 c.

111 4272 170 4339 22.
188 4276 221 4338 et
239 4270 381 4361 Etpmol-
396 4272 442 4342 Μ.
462 4295 492 4366 p.
511 4276 587 4360 302,
607 4277 667 4344 3⁰:
