2760 4792
139 211 203 276 :¹82
516 196 922 274 COMMENTATIONES

222 379 265 441 A.
285 373 410 438 Ἔπειτα
437 377 547 437 δοῦλον
569 372 640 436 οὐδὲ
670 369 712 449 εἷς
734 373 887 454 κεκτήσετ’
912 372 983 436 οῦδὲ
1003 370 1125 459 δούλην.

221 465 261 525 Β.
284 459 368 526 Ἀλλ’
393 458 484 533 αὐτὸς
506 454 589 545 αῦτῷ
612 456 680 539 δῆτ’
705 458 781 541 ἀνὴρ
803 460 898 541 γίριον
920 456 1109 540 διακονήσεις

220 549 264 611 A.
297 545 342 609 Οῦ
365 544 458 626 δῆθ’·
487 541 708 624 ὁδοιποροῦντα
729 544 787 624 γάρ
809 544 847 607 τά
869 539 958 606 πάντ’
983 543 1040 625 ε’γιδ
1061 542 1190 625 ποιήσω.
1250 564 1254 573 ’

220 634 260 694 Β.
286 632 328 691 Τί
347 632 424 709 δῆτα
445 627 533 691 τοῦτ’
558 627 663 702 αὐτοῖς
684 629 791 708 πλέονς
816 631 859 690 A.
880 624 1047 708 Πρόσεισιν
1066 628 1144 694 αὕθ’
1169 634 1300 700 ἕκαστον

222 720 295 778 Trio
306 715 471 796 σκευαρίων
493 710 566 776 ὅταν
587 717 730 775 καλῦται·
752 717 929 793 παρατιθοῦ
951 708 1063 796 τράπεζ
1084 764 1092 780 .

216 798 309 880 Ata-q
331 795 508 881 παρασκεάα
527 823 539 859 ε
561 818 689 878 σαοτην·
710 792 805 876 μάττε
827 797 1001 861 θυλακίσκε.

210 882 308 967 ”eppa
331 881 445 946 κάαθε·
468 881 584 946 ποι·σθ’
608 877 628 988 ᾗ
650 877 751 962 κάλιξ;
774 879 881 959 διάνιζ’
905 885 995 946 ἰοῦσα
1016 880 1142 964 σαυτήν.

147 992 149 997 ·
212 967 367 1047 Ἀνάβαινε
388 965 485 1047 μάζα·
508 967 563 1048 τὴν
582 991 698 1048 χατραν
716 971 795 1050 χρῆν
816 967 920 1051 ίξερῦν
940 966 978 1030 τά
998 972 1120 1032 τεῦτλα.

213 1051 299 1133 ’ίχθδ
319 1048 434 1133 βάδιζ’,
457 1052 521 1115 ἀλλ’
545 1050 664 1114 οῦδίπαι
683 1048 727 1112 ’nl
749 1049 858 1134 θάτερ’
883 1048 974 1126 ὀπτάς
995 1055 1065 1131 εἶμι.

218 1136 339 1201 Οάκονν
358 1138 574 1219 μεταστρέψας
595 1134 721 1200 σεαοτδν
742 1131 791 1198 dtt
813 1132 918 1211 πάσεις
939 1136 1090 1222 olimpum

130 1221 244 1311 Scripsi
265 1225 336 1286 nd
363 1218 435 1283 ὅταν
457 1225 601 1302 καλῆται,
632 1220 721 1306 vulgo
743 1224 820 1304 καλῇ
842 1245 869 1283 τι
893 1221 1014 1319 legitur:
1042 1244 1164 1286 numero
1187 1246 1290 1291 versus

129 1330 200 1371 cave
227 1307 404 1371 offendaris:
448 1328 516 1369 nam
543 1306 644 1369 eadem
671 1304 775 1369 incisio
806 1306 893 1369 etiam
921 1329 951 1369 ιο
979 1308 1175 1392 subsequente
1201 1331 1289 1375 versu

76 1460 82 1471 ,
128 1392 256 1456 admissa
277 1403 337 1454 est:

210 1472 302 1556 Αῦτη
325 1470 532 1559 παρασκεύαζε
554 1468 685 1555 σαυτήν·
705 1468 801 1555 μάττε
821 1474 999 1541 θυλακίσκε.

128 1564 158 1623 et
178 1560 211 1623 in
232 1567 376 1624 extremo:

214 1642 334 1707 Οῦκουν
354 1643 570 1726 μεταστρίψας
594 1639 722 1705 σεαυτὸν
743 1638 793 1704 ἁλὶ
815 1639 919 1716 πάσεις
941 1640 1083 1726 άλείιρων.

126 1725 236 1794 Cetera
269 1729 304 1791 ab
331 1728 496 1791 homiuibus
525 1728 617 1790 doctis
651 1728 723 1790 satis
757 1734 835 1790 recte
870 1727 1024 1791 emendata
1056 1733 1133 1793 sunt
1182 1726 1287 1797 Finxit

125 1823 219 1876 autem
242 1811 349 1878 Crates
370 1813 511 1876 redeunte
533 1832 622 1875 aureo
644 1812 761 1875 saeculo
788 1812 869 1891 lore,
892 1820 924 1874 ut
949 1813 1047 1876 nullus
1069 1813 1109 1876 sit
1129 1834 1202 1879 usus
1223 1835 1285 1880 ser·

123 1917 225 1961 vorum
248 1918 471 1981 servorumque,
500 1906 531 1959 ut
554 1897 664 1960 bestiae
693 1896 774 1959 serae
796 1896 929 1959 volentes
951 1896 1116 1961 homiuibus
1137 1898 1285 1983 obediant,

123 1989 155 2044 ut
174 1983 273 2046 ouuuia
300 2003 354 2045 sua
383 1991 486 2068 sponte
514 2001 552 2043 ex
581 1981 707 2043 liuumna
729 1980 878 2043 voluntate
906 1982 992 2062 liant,
1020 1983 1197 2068 omninoque
1223 2006 1283 2051 om·

121 2068 201 2129 nium
223 2088 320 2129 rernm
343 2087 455 2129 summa
475 2065 514 2128 sit
535 2065 618 2150 copia
639 2072 724 2147 atque
746 2065 939 2143 athundantia3
962 2087 1076 2130 omnem
1089 2076 1185 2131 autem
1206 2070 1284 2135 vitoe

122 2150 318 2213 instituendae
352 2151 495 2212 rationem
530 2148 689 2234 simplicem
721 2147 785 2211 lore
817 2156 902 2233 utque
928 2152 1061 2237 proxime
1087 2151 1124 2215 ad
1156 2152 1284 2241 priscam

120 2234 200 2297 illam
230 2233 411 2320 disciplinam
444 2253 624 2295 successuram
654 2252 730 2294 esse.
774 2231 881 2296 Crates
908 2233 1016 2319 igitur,
1049 2236 1135 2299 huius
1168 2238 1284 2337 priscae

121 2318 315 2405 simplicitatis
337 2327 366 2381 et
385 2316 534 2380 solicitatis
556 2337 683 2379 arnonem
706 2322 737 2378 ut
757 2316 892 2380 inliceret
903 2319 1146 2403 Atheniensibus,
1167 2323 1284 2388 induxit

122 2402 263 2487 aliquem,
293 2403 341 2486 qui
362 2402 435 2465 llaec
456 2402 521 2488 ipsa
542 2407 695 2464 reuocaret
721 2407 750 2464 et
776 2403 957 2467 restitueret:
1000 2406 1052 2468 sed
1076 2416 1107 2469 ut
1127 2408 1283 2495 perspicua

119 2488 250 2573 imagine
279 2487 410 2567 doceret,
454 2496 631 2574 quantopere
658 2485 835 2550 desciverint
867 2488 902 2551 ab
939 2488 1064 2576 simplici
1089 2490 1168 2553 victu
1196 2502 1282 2577 atque

120 2571 207 2651 cultu,
229 2581 331 2635 contra
352 2572 485 2636 exhibuit
506 2571 604 2651 alium,
627 2572 675 2654 qui
688 2570 919 2635 Atheniensibus
934 2573 1022 2637 vitam
1045 2576 1281 2641 amoenissimum

119 2663 149 2719 et
169 2656 404 2720 delicatissimam
425 2663 614 2743 proponeret:
637 2675 772 2739 quorsum
794 2664 905 2742 spectat
927 2657 1050 2723 alterum
1078 2659 1279 2747 fragmentum

120 2740 195 2827 apud
222 2739 407 2804 Athenaeum
439 2741 562 2804 ibidem:
601 2734 688 2820 Ἕξῆς
717 2740 750 2802 δὲ
777 2740 855 2821 μετὰ
880 2747 979 2805 ταῦτα
1009 2738 1026 2807 ὃ
1059 2742 1112 2807 τδν
1144 2746 1281 2811 ἐναντίον

117 2820 216 2909 τοάτιρ
239 2820 489 2907 παραλαμβάνων
510 2820 599 2906 λόγον
621 2824 700 2907 (popul
723 2844 731 2861 ·

192 2908 278 2977 Att’
303 2907 425 2982 ἀντίθες
446 2931 511 2972 τοι·
533 2906 591 2991 ἐγὼ
611 2906 668 2993 γάρ
691 2905 769 2970 ἀὐτά
789 2904 952 2988 τάμπαλιν,

201 2993 251 3056 Τά
272 2992 376 3076 θερμά
395 2992 510 3075 λουτρά
530 2999 652 3077 πριῦτον
672 2991 734 3067 deu
755 3001 818 3068 τοῖς
839 2995 922 3074 ίμοΐς

194 3077 260 3139 Ἐπὶ
283 3076 390 3141 κιόνων
411 3076 511 3160 ὥσπερ
534 3077 585 3140 διά
606 3082 661 3141 τοῦ
683 3078 829 3140 παιωνίοτι

190 3160 267 3227 Ἀπὸ
289 3169 343 3245 τῆς
363 3159 543 3243 θαλάσσης,
566 3159 648 3224 ὥσθ’
673 3159 790 3246 ἑκάστῳ
813 3158 949 3245 ῥείσεται

195 3249 251 3321 En
272 3246 328 3328 τὴν
349 3246 474 3310 πιῗελον·
496 3249 561 3328 ίρεΐ
578 3246 620 3323 δέ,
642 3244 750 3329 θῦδανρ
773 3244 919 3326 άνίχεται.

196 3328 272 3394 Εἶθ’
297 3327 472 3411 ἁλάβαστος
493 3330 609 3405 εῦθίαις
629 3328 691 3411 ἥξει
712 3326 813 3411 μῦρον

194 3412 382 3495 Αδτόματος
404 3413 420 3479 ὃ
437 3412 568 3498 σπόγγος
588 3440 620 3479 τε
641 3418 692 3477 καὶ
713 3413 751 3477 τά
775 3411 924 3479 σάνδαλα.

109 3498 207 3568 Versu
231 3502 247 3562 l
272 3502 376 3600 scripsi
399 3500 478 3564 αῦτά
499 3498 668 3580 τάμπαλιν,
690 3499 740 3562 vul
764 3520 781 3563 o
803 3497 962 3576 πάμπαλιν
981 3498 1107 3585 legitur:
1134 3501 1273 3569 conferat

108 3584 312 3670 Phryniclrum
333 3607 362 3648 rn
386 3584 522 3649 Bekkeri
542 3583 656 3648 Anccd.
679 3583 719 3647 Τ.
740 3520 764 3647 l
807 3631 814 3646 .
836 3583 874 3665 4,
898 3584 956 3647 16:
977 3584 1085 3647 Αὐτὸ
1105 3583 1273 3667 rudpertu-

109 3673 167 3731 λιν
188 3668 326 3750 λέγεις.
356 3664 420 3731 οἷον
447 3668 523 3733 oded
550 3668 726 3732 τούναντίον
752 3672 859 3751 λρεις·
888 3666 981 3742 εἴποις
1002 3667 1033 3731 δ’
1056 3666 1095 3732 άν
1121 3673 1171 3733 καὶ
1193 3669 1272 3737 adad

107 3753 296 3817 τούναντίον·
327 3751 362 3816 τὸ
390 3753 492 3831 μίντοι
520 3751 596 3816 αὐτὸ
623 3750 796 3836 πρόσκειται
824 3757 878 3815 νῦν
903 3762 1053 3833 σημαῖνον
1072 3746 1108 3816 τδ
1135 3754 1273 3839 δκριβῶς

108 3839 157 3900 καὶ
179 3838 316 3919 ἀληθῶς.
358 3836 425 3901 Ηοο
451 3838 565 3923 quidem
593 3837 656 3901 loco
686 3836 849 3924 explicatur
876 3837 912 3900 iis
940 3858 1015 3921 qnae
1042 3838 1272 3924 subsequuntur,

105 3920 145 3985 τὰ
159 3921 259 4005 θερμὰ
280 3920 395 4005 λουτρά
408 3927 483 4000 κτλ,
505 3923 680 3986 contrariam
703 3923 779 3986 enim
801 3942 923 4008 prorsus
945 3934 974 3985 et
986 3921 1157 3988 dissimilem
1180 3924 1270 3991 vitan

102 4006 171 4087 ille,
192 4006 322 4092 quisquis
344 4014 404 4087 est,
432 4008 494 4071 suis
517 4029 549 4071 se
571 4007 641 4070 dicit
662 4006 858 4070 exhibiturum
881 4028 956 4070 esse.
977 4042 1020 4055 -
1057 4006 1269 4075 adcorrexi

102 4091 254 4179 uulgatum
280 4093 452 4179 scripturam
480 4092 527 4155 lul
550 4097 604 4171 τῆς
625 4087 806 4172 eandam:
835 4091 890 4153 hoc
918 4089 996 4155 enim
1023 4091 1123 4156 dicere
1150 4093 1270 4159 videtur

102 4176 153 4239 ille
179 4176 340 4261 quicunque
362 4184 422 4256 est,
454 4197 487 4240 se
509 4176 633 4263 tepidam
663 4196 766 4261 aquam
788 4196 877 4263 super
899 4175 1049 4241 columnas
1071 4197 1125 4265 per
1145 4178 1267 4245 canales

100 4260 185 4345 quasi
205 4282 259 4352 per
280 4259 491 4325 medicabulum
512 4260 655 4347 quoddam
678 4280 716 4323 ex
738 4260 812 4323 utari
834 4260 985 4325 ducturum
1006 4284 1089 4327 esso:
1119 4258 1267 4340 παιώνιος
