<?xml version="1.0" encoding="UTF-8"?>
<!DOCTYPE html PUBLIC "-//W3C//DTD XHTML 1.0 Transitional//EN"
    "http://www.w3.org/TR/xhtml1/DTD/xhtml1-transitional.dtd">
<html xmlns="http://www.w3.org/1999/xhtml" xml:lang="en" lang="en">
 <head>
  <title>
</title>
<meta http-equiv="Content-Type" content="text/html;charset=utf-8" />
  <meta name='ocr-system' content='tesseract 3.04.00' />
  <meta name='ocr-capabilities' content='ocr_page ocr_carea ocr_par ocr_line ocrx_word'/>
</head>
<body>
  <div class='ocr_page' id='page_1' title='image "./commentationumd00berggoog_0191.png"; bbox 0 0 2760 4792; ppageno 0'>
   <div class='ocr_carea' id='block_1_1' title="bbox 319 236 1265 322">
    <p class='ocr_par' dir='ltr' id='par_1_1' title="bbox 319 236 1265 322">
     <span class='ocr_line' id='line_1_1' title="bbox 319 236 1265 322; baseline 0.017 -20"><span class='ocrx_word' id='word_1_1' title='bbox 319 236 379 302; x_wconf 81' lang='lat' dir='ltr'><strong>DE</strong></span> <span class='ocrx_word' id='word_1_2' title='bbox 400 236 544 314; x_wconf 73' lang='lat' dir='ltr'><strong>nullu</strong></span> <span class='ocrx_word' id='word_1_3' title='bbox 565 237 753 307; x_wconf 77' lang='lat' dir='ltr'><strong>COMOED.</strong></span> <span class='ocrx_word' id='word_1_4' title='bbox 775 239 880 308; x_wconf 82' lang='grc' dir='ltr'><strong>ΑΤΤ.</strong></span> <span class='ocrx_word' id='word_1_5' title='bbox 902 243 1046 322; x_wconf 74' lang='lat' dir='ltr'><strong>numu.</strong></span> <span class='ocrx_word' id='word_1_6' title='bbox 1203 254 1265 318; x_wconf 76' lang='lat' dir='ltr'><strong>ltr</strong></span> 
     </span>
    </p>
   </div>
   <div class='ocr_carea' id='block_1_2' title="bbox 94 405 1265 503">
    <p class='ocr_par' dir='ltr' id='par_1_2' title="bbox 94 405 1265 503">
     <span class='ocr_line' id='line_1_2' title="bbox 94 405 1265 503; baseline 0.011 -32"><span class='ocrx_word' id='word_1_7' title='bbox 94 412 126 472; x_wconf 89' lang='lat' dir='ltr'><strong>et</strong></span> <span class='ocrx_word' id='word_1_8' title='bbox 145 427 221 491; x_wconf 88' lang='lat' dir='ltr'><strong>qnae</strong></span> <span class='ocrx_word' id='word_1_9' title='bbox 242 411 413 492; x_wconf 87' lang='lat' dir='ltr'><strong>sequuntur.</strong></span> <span class='ocrx_word' id='word_1_10' title='bbox 454 405 528 472; x_wconf 77' lang='lat' dir='ltr'><strong>item</strong></span> <span class='ocrx_word' id='word_1_11' title='bbox 549 405 636 471; x_wconf 86' lang='lat' dir='ltr'><strong>deum</strong></span> <span class='ocrx_word' id='word_1_12' title='bbox 657 428 726 472; x_wconf 87' lang='lat' dir='ltr'><strong>eeee</strong></span> <span class='ocrx_word' id='word_1_13' title='bbox 747 412 998 496; x_wconf 76' lang='lat' dir='ltr'><strong>potentissimum,</strong></span> <span class='ocrx_word' id='word_1_14' title='bbox 1020 434 1143 503; x_wconf 87' lang='lat' dir='ltr'><strong>eumque</strong></span> <span class='ocrx_word' id='word_1_15' title='bbox 1163 419 1265 484; x_wconf 84' lang='lat' dir='ltr'><strong>obscr-</strong></span> 
     </span>
    </p>
   </div>
   <div class='ocr_carea' id='block_1_3' title="bbox 92 490 1265 665">
    <p class='ocr_par' dir='ltr' id='par_1_3' title="bbox 92 490 1265 665">
     <span class='ocr_line' id='line_1_3' title="bbox 93 490 1265 640; baseline 0.011 -84"><span class='ocrx_word' id='word_1_16' title='bbox 93 513 166 556; x_wconf 84' lang='lat' dir='ltr'><strong>rare</strong></span> <span class='ocrx_word' id='word_1_17' title='bbox 192 490 261 640; x_wconf 55' lang='lat' dir='ltr'><strong>quid</strong></span> <span class='ocrx_word' id='word_1_18' title='bbox 292 491 413 576; x_wconf 84' lang='lat' dir='ltr'><strong>quisue</strong></span> <span class='ocrx_word' id='word_1_19' title='bbox 441 490 592 556; x_wconf 90' lang='lat' dir='ltr'><strong>homiuum</strong></span> <span class='ocrx_word' id='word_1_20' title='bbox 619 499 692 580; x_wconf 78' lang='lat' dir='ltr'><strong>agat</strong></span> <span class='ocrx_word' id='word_1_21' title='bbox 716 503 767 558; x_wconf 87' lang='lat' dir='ltr'><strong>aut</strong></span> <span class='ocrx_word' id='word_1_22' title='bbox 792 496 903 561; x_wconf 79' lang='lat' dir='ltr'><strong>sentiat</strong></span> <span class='ocrx_word' id='word_1_23' title='bbox 927 497 1012 563; x_wconf 88' lang='lat' dir='ltr'><strong>docet</strong></span> <span class='ocrx_word' id='word_1_24' title='bbox 1036 500 1099 566; x_wconf 85' lang='lat' dir='ltr'><strong>illie</strong></span> <span class='ocrx_word' id='word_1_25' title='bbox 1128 506 1265 569; x_wconf 82' lang='lat' dir='ltr'><strong>versibus</strong></span> 
     </span>
     <span class='ocr_line' id='line_1_4' title="bbox 92 574 794 665; baseline 0.003 -25"><span class='ocrx_word' id='word_1_26' title='bbox 92 574 171 665; x_wconf 86' lang='lat' dir='ltr'><strong>apud</strong></span> <span class='ocrx_word' id='word_1_27' title='bbox 220 575 338 640; x_wconf 85' lang='lat' dir='ltr'><strong>loment.</strong></span> <span class='ocrx_word' id='word_1_28' title='bbox 402 596 450 640; x_wconf 86' lang='lat' dir='ltr'><strong>ox.</strong></span> <span class='ocrx_word' id='word_1_29' title='bbox 472 575 582 642; x_wconf 86' lang='lat' dir='ltr'><strong>Strom.</strong></span> <span class='ocrx_word' id='word_1_30' title='bbox 602 574 641 645; x_wconf 78' lang='lat' dir='ltr'><strong>V.</strong></span> <span class='ocrx_word' id='word_1_31' title='bbox 661 598 691 664; x_wconf 88' lang='lat' dir='ltr'><strong>p.</strong></span> <span class='ocrx_word' id='word_1_32' title='bbox 712 579 794 646; x_wconf 81' lang='lat'><strong>⁷08:</strong></span> 
     </span>
    </p>
   </div>
   <div class='ocr_carea' id='block_1_4' title="bbox 75 861 1311 3990">
    <p class='ocr_par' dir='ltr' id='par_1_4' title="bbox 159 861 857 932">
     <span class='ocr_line' id='line_1_5' title="bbox 159 861 857 932; baseline 0.009 -18"><span class='ocrx_word' id='word_1_33' title='bbox 159 864 191 915; x_wconf 95' lang='lat' dir='ltr'><strong>ln</strong></span> <span class='ocrx_word' id='word_1_34' title='bbox 208 877 314 914; x_wconf 86' lang='lat' dir='ltr'><strong>eoenam</strong></span> <span class='ocrx_word' id='word_1_35' title='bbox 330 861 425 915; x_wconf 81' lang='lat' dir='ltr'><strong>misem</strong></span> <span class='ocrx_word' id='word_1_36' title='bbox 441 877 539 928; x_wconf 79' lang='lat' dir='ltr'><strong>magno</strong></span> <span class='ocrx_word' id='word_1_37' title='bbox 555 878 616 915; x_wconf 88' lang='lat' dir='ltr'><strong>cum</strong></span> <span class='ocrx_word' id='word_1_38' title='bbox 632 864 748 932; x_wconf 87' lang='lat' dir='ltr'><strong>pondere</strong></span> <span class='ocrx_word' id='word_1_39' title='bbox 765 880 857 919; x_wconf 82' lang='lat' dir='ltr'><strong>verena</strong></span> 
     </span>
    </p>

    <p class='ocr_par' dir='ltr' id='par_1_5' title="bbox 159 931 806 1011">
     <span class='ocr_line' id='line_1_6' title="bbox 159 931 806 1011; baseline 0.003 -29"><span class='ocrx_word' id='word_1_40' title='bbox 159 931 214 983; x_wconf 77' lang='lat' dir='ltr'><strong>lut</strong></span> <span class='ocrx_word' id='word_1_41' title='bbox 230 947 321 997; x_wconf 73' lang='lat' dir='ltr'><strong>opem</strong></span> <span class='ocrx_word' id='word_1_42' title='bbox 337 933 425 982; x_wconf 76' lang='lat' dir='ltr'><strong>celeria</strong></span> <span class='ocrx_word' id='word_1_43' title='bbox 443 933 547 983; x_wconf 71' lang='lat' dir='ltr'><strong>adnriom</strong></span> <span class='ocrx_word' id='word_1_44' title='bbox 571 947 679 1011; x_wconf 79' lang='lat' dir='ltr'><strong>maraque</strong></span> <span class='ocrx_word' id='word_1_45' title='bbox 696 936 806 985; x_wconf 70' lang='lat' dir='ltr'><strong>emeno</strong></span> 
     </span>
    </p>

    <p class='ocr_par' dir='ltr' id='par_1_6' title="bbox 89 997 1109 1136">
     <span class='ocr_line' id='line_1_7' title="bbox 158 997 780 1068; baseline 0.003 -17"><span class='ocrx_word' id='word_1_46' title='bbox 158 1000 213 1051; x_wconf 82' lang='lat' dir='ltr'><strong>Aut</strong></span> <span class='ocrx_word' id='word_1_47' title='bbox 228 998 365 1063; x_wconf 80' lang='lat' dir='ltr'><strong>ignoratae</strong></span> <span class='ocrx_word' id='word_1_48' title='bbox 380 997 478 1067; x_wconf 89' lang='lat' dir='ltr'><strong>premit</strong></span> <span class='ocrx_word' id='word_1_49' title='bbox 493 997 558 1050; x_wconf 84' lang='lat' dir='ltr'><strong>artie</strong></span> <span class='ocrx_word' id='word_1_50' title='bbox 574 998 683 1051; x_wconf 85' lang='lat' dir='ltr'><strong>crimme</strong></span> <span class='ocrx_word' id='word_1_51' title='bbox 700 1000 780 1068; x_wconf 88' lang='lat' dir='ltr'><strong>turpi.</strong></span> 
     </span>
     <span class='ocr_line' id='line_1_8' title="bbox 89 1063 1109 1136; baseline 0.006 -16"><span class='ocrx_word' id='word_1_52' title='bbox 89 1066 127 1120; x_wconf 75' lang='lat' dir='ltr'><strong>lta</strong></span> <span class='ocrx_word' id='word_1_53' title='bbox 143 1063 241 1119; x_wconf 78' lang='lat' dir='ltr'><strong>ibidem</strong></span> <span class='ocrx_word' id='word_1_54' title='bbox 256 1070 286 1120; x_wconf 78' lang='lat' dir='ltr'><strong>r.</strong></span> <span class='ocrx_word' id='word_1_55' title='bbox 295 1065 347 1119; x_wconf 78' lang='grc'><strong>270</strong></span> <span class='ocrx_word' id='word_1_56' title='bbox 362 1064 432 1120; x_wconf 88' lang='lat' dir='ltr'><strong>hanc</strong></span> <span class='ocrx_word' id='word_1_57' title='bbox 447 1066 532 1136; x_wconf 84' lang='lat' dir='ltr'><strong>ipearrr</strong></span> <span class='ocrx_word' id='word_1_58' title='bbox 549 1067 736 1132; x_wconf 67' lang='lat' dir='ltr'><strong>negligentiam</strong></span> <span class='ocrx_word' id='word_1_59' title='bbox 752 1067 782 1120; x_wconf 86' lang='lat' dir='ltr'><strong>in</strong></span> <span class='ocrx_word' id='word_1_60' title='bbox 798 1069 895 1124; x_wconf 86' lang='lat' dir='ltr'><strong>Plauto</strong></span> <span class='ocrx_word' id='word_1_61' title='bbox 911 1070 1109 1130; x_wconf 73' lang='lat' dir='ltr'><strong>ardmadrertit:</strong></span> 
     </span>
    </p>

    <p class='ocr_par' dir='ltr' id='par_1_7' title="bbox 157 1133 783 1202">
     <span class='ocr_line' id='line_1_9' title="bbox 157 1133 783 1202; baseline 0.003 -15"><span class='ocrx_word' id='word_1_62' title='bbox 157 1135 195 1187; x_wconf 76' lang='lat' dir='ltr'><strong>lt</strong></span> <span class='ocrx_word' id='word_1_63' title='bbox 209 1133 291 1187; x_wconf 74' lang='lat' dir='ltr'><strong>vestri</strong></span> <span class='ocrx_word' id='word_1_64' title='bbox 307 1134 400 1202; x_wconf 83' lang='lat' dir='ltr'><strong>proavi</strong></span> <span class='ocrx_word' id='word_1_65' title='bbox 415 1133 553 1188; x_wconf 81' lang='lat' dir='ltr'><strong>Plautinae</strong></span> <span class='ocrx_word' id='word_1_66' title='bbox 569 1139 598 1187; x_wconf 90' lang='lat' dir='ltr'><strong>et</strong></span> <span class='ocrx_word' id='word_1_67' title='bbox 613 1151 738 1188; x_wconf 84' lang='lat' dir='ltr'><strong>numeror</strong></span> <span class='ocrx_word' id='word_1_68' title='bbox 755 1142 783 1189; x_wconf 91' lang='lat' dir='ltr'><strong>et</strong></span> 
     </span>
    </p>

    <p class='ocr_par' dir='ltr' id='par_1_8' title="bbox 157 1200 855 1273">
     <span class='ocr_line' id='line_1_10' title="bbox 157 1200 855 1273; baseline 0.006 -20"><span class='ocrx_word' id='word_1_69' title='bbox 157 1200 311 1255; x_wconf 84' lang='lat' dir='ltr'><strong>Laudarere</strong></span> <span class='ocrx_word' id='word_1_70' title='bbox 327 1205 411 1270; x_wconf 84' lang='lat' dir='ltr'><strong>aalee,</strong></span> <span class='ocrx_word' id='word_1_71' title='bbox 426 1201 538 1255; x_wconf 81' lang='lat' dir='ltr'><strong>niarium</strong></span> <span class='ocrx_word' id='word_1_72' title='bbox 553 1201 687 1270; x_wconf 86' lang='lat' dir='ltr'><strong>patienter</strong></span> <span class='ocrx_word' id='word_1_73' title='bbox 701 1209 855 1273; x_wconf 88' lang='lat' dir='ltr'><strong>utrumque,</strong></span> 
     </span>
    </p>

    <p class='ocr_par' dir='ltr' id='par_1_9' title="bbox 157 1269 855 1337">
     <span class='ocr_line' id='line_1_11' title="bbox 157 1269 855 1337; baseline 0.006 -14"><span class='ocrx_word' id='word_1_74' title='bbox 157 1271 201 1324; x_wconf 85' lang='lat' dir='ltr'><strong>Ne</strong></span> <span class='ocrx_word' id='word_1_75' title='bbox 216 1270 414 1337; x_wconf 80' lang='lat' dir='ltr'><strong>dicamrtulbe,</strong></span> <span class='ocrx_word' id='word_1_76' title='bbox 431 1270 536 1323; x_wconf 76' lang='lat' dir='ltr'><strong>mirati:</strong></span> <span class='ocrx_word' id='word_1_77' title='bbox 558 1269 583 1323; x_wconf 82' lang='lat' dir='ltr'><strong>ei</strong></span> <span class='ocrx_word' id='word_1_78' title='bbox 599 1271 679 1324; x_wconf 85' lang='lat' dir='ltr'><strong>ruodo</strong></span> <span class='ocrx_word' id='word_1_79' title='bbox 696 1287 747 1337; x_wconf 78' lang='lat' dir='ltr'><strong>ego</strong></span> <span class='ocrx_word' id='word_1_80' title='bbox 764 1277 792 1326; x_wconf 92' lang='lat' dir='ltr'><strong>et</strong></span> <span class='ocrx_word' id='word_1_81' title='bbox 807 1287 855 1327; x_wconf 83' lang='lat' dir='ltr'><strong>vor</strong></span> 
     </span>
    </p>

    <p class='ocr_par' dir='ltr' id='par_1_10' title="bbox 156 1337 795 1408">
     <span class='ocr_line' id='line_1_12' title="bbox 156 1337 795 1408; baseline 0.002 -16"><span class='ocrx_word' id='word_1_82' title='bbox 156 1337 260 1392; x_wconf 81' lang='lat' dir='ltr'><strong>Scirum</strong></span> <span class='ocrx_word' id='word_1_83' title='bbox 276 1337 442 1391; x_wconf 90' lang='lat' dir='ltr'><strong>inurbanum·</strong></span> <span class='ocrx_word' id='word_1_84' title='bbox 453 1337 542 1408; x_wconf 91' lang='lat' dir='ltr'><strong>lepido</strong></span> <span class='ocrx_word' id='word_1_85' title='bbox 563 1352 693 1408; x_wconf 83' lang='lat' dir='ltr'><strong>reponere</strong></span> <span class='ocrx_word' id='word_1_86' title='bbox 708 1341 795 1408; x_wconf 84' lang='lat' dir='ltr'><strong>dicto,</strong></span> 
     </span>
    </p>

    <p class='ocr_par' dir='ltr' id='par_1_11' title="bbox 87 1405 861 1544">
     <span class='ocr_line' id='line_1_13' title="bbox 155 1405 861 1474; baseline 0.01 -17"><span class='ocrx_word' id='word_1_87' title='bbox 155 1406 367 1474; x_wconf 82' lang='lat' dir='ltr'><strong>Legitimumque</strong></span> <span class='ocrx_word' id='word_1_88' title='bbox 383 1422 479 1460; x_wconf 85' lang='lat' dir='ltr'><strong>eonuar</strong></span> <span class='ocrx_word' id='word_1_89' title='bbox 495 1405 580 1472; x_wconf 73' lang='lat' dir='ltr'><strong>digito</strong></span> <span class='ocrx_word' id='word_1_90' title='bbox 601 1410 727 1462; x_wconf 68' lang='lat' dir='ltr'><strong>callemus</strong></span> <span class='ocrx_word' id='word_1_91' title='bbox 742 1414 771 1462; x_wconf 85' lang='lat' dir='ltr'><strong>et</strong></span> <span class='ocrx_word' id='word_1_92' title='bbox 787 1423 861 1466; x_wconf 73' lang='lat' dir='ltr'><strong>aare.</strong></span> 
     </span>
     <span class='ocr_line' id='line_1_14' title="bbox 87 1472 675 1544; baseline 0.002 -18"><span class='ocrx_word' id='word_1_93' title='bbox 87 1472 215 1527; x_wconf 79' lang='lat' dir='ltr'><strong>Ceterum</strong></span> <span class='ocrx_word' id='word_1_94' title='bbox 230 1473 349 1526; x_wconf 79' lang='lat' dir='ltr'><strong>dominer</strong></span> <span class='ocrx_word' id='word_1_95' title='bbox 366 1474 452 1541; x_wconf 80' lang='lat' dir='ltr'><strong>docti,</strong></span> <span class='ocrx_word' id='word_1_96' title='bbox 475 1474 522 1544; x_wconf 89' lang='lat' dir='ltr'><strong>qui</strong></span> <span class='ocrx_word' id='word_1_97' title='bbox 537 1474 585 1527; x_wconf 86' lang='lat' dir='ltr'><strong>illo</strong></span> <span class='ocrx_word' id='word_1_98' title='bbox 600 1476 675 1528; x_wconf 89' lang='lat' dir='ltr'><strong>looo:</strong></span> 
     </span>
    </p>

    <p class='ocr_par' dir='ltr' id='par_1_12' title="bbox 78 1541 1311 3316">
     <span class='ocr_line' id='line_1_15' title="bbox 156 1541 923 1624; baseline 0.003 -30"><span class='ocrx_word' id='word_1_99' title='bbox 156 1542 266 1596; x_wconf 78' lang='lat' dir='ltr'><strong>Plautus</strong></span> <span class='ocrx_word' id='word_1_100' title='bbox 283 1543 316 1594; x_wconf 87' lang='lat' dir='ltr'><strong>ad</strong></span> <span class='ocrx_word' id='word_1_101' title='bbox 332 1545 482 1612; x_wconf 83' lang='lat' dir='ltr'><strong>exemplum</strong></span> <span class='ocrx_word' id='word_1_102' title='bbox 499 1541 582 1596; x_wconf 82' lang='lat' dir='ltr'><strong>Siculi</strong></span> <span class='ocrx_word' id='word_1_103' title='bbox 603 1555 747 1624; x_wconf 84' lang='lat' dir='ltr'><strong>properare</strong></span> <span class='ocrx_word' id='word_1_104' title='bbox 761 1541 923 1613; x_wconf 78' lang='lat' dir='ltr'><strong>Epicharmi,</strong></span> 
     </span>
     <span class='ocr_line' id='line_1_16' title="bbox 85 1608 1258 1681; baseline 0.007 -19"><span class='ocrx_word' id='word_1_105' title='bbox 85 1608 171 1680; x_wconf 85' lang='lat' dir='ltr'><strong>ipriua</strong></span> <span class='ocrx_word' id='word_1_106' title='bbox 193 1609 299 1663; x_wconf 87' lang='lat' dir='ltr'><strong>Horatii</strong></span> <span class='ocrx_word' id='word_1_107' title='bbox 318 1610 445 1662; x_wconf 85' lang='lat' dir='ltr'><strong>iudicium</strong></span> <span class='ocrx_word' id='word_1_108' title='bbox 467 1609 586 1663; x_wconf 78' lang='lat' dir='ltr'><strong>exbiberi</strong></span> <span class='ocrx_word' id='word_1_109' title='bbox 615 1611 786 1676; x_wconf 75' lang='lat' dir='ltr'><strong>existimant,</strong></span> <span class='ocrx_word' id='word_1_110' title='bbox 815 1611 967 1665; x_wconf 83' lang='lat' dir='ltr'><strong>averitabe</strong></span> <span class='ocrx_word' id='word_1_111' title='bbox 987 1627 1096 1681; x_wconf 84' lang='lat' dir='ltr'><strong>prorrra</strong></span> <span class='ocrx_word' id='word_1_112' title='bbox 1120 1616 1258 1672; x_wconf 83' lang='lat' dir='ltr'><strong>aberrent:</strong></span> 
     </span>
     <span class='ocr_line' id='line_1_17' title="bbox 86 1677 1259 1756; baseline 0.008 -26"><span class='ocrx_word' id='word_1_113' title='bbox 86 1689 246 1747; x_wconf 81' lang='lat' dir='ltr'><strong>quamquam</strong></span> <span class='ocrx_word' id='word_1_114' title='bbox 270 1693 335 1730; x_wconf 81' lang='lat' dir='ltr'><strong>rane</strong></span> <span class='ocrx_word' id='word_1_115' title='bbox 359 1677 487 1729; x_wconf 71' lang='lat' dir='ltr'><strong>Horatius</strong></span> <span class='ocrx_word' id='word_1_116' title='bbox 510 1693 617 1756; x_wconf 90' lang='lat' dir='ltr'><strong>quoque</strong></span> <span class='ocrx_word' id='word_1_117' title='bbox 632 1678 722 1730; x_wconf 83' lang='lat' dir='ltr'><strong>Plauti</strong></span> <span class='ocrx_word' id='word_1_118' title='bbox 744 1694 868 1730; x_wconf 77' lang='lat' dir='ltr'><strong>veranum</strong></span> <span class='ocrx_word' id='word_1_119' title='bbox 893 1678 1062 1746; x_wconf 73' lang='lat' dir='ltr'><strong>asperitatem</strong></span> <span class='ocrx_word' id='word_1_120' title='bbox 1084 1681 1259 1752; x_wconf 87' lang='lat' dir='ltr'><strong>improbavit:</strong></span> 
     </span>
     <span class='ocr_line' id='line_1_18' title="bbox 85 1743 1259 1820; baseline 0.006 -21"><span class='ocrx_word' id='word_1_121' title='bbox 85 1759 178 1799; x_wconf 78' lang='lat' dir='ltr'><strong>rerum</strong></span> <span class='ocrx_word' id='word_1_122' title='bbox 201 1746 272 1798; x_wconf 88' lang='lat' dir='ltr'><strong>onim</strong></span> <span class='ocrx_word' id='word_1_123' title='bbox 287 1760 351 1797; x_wconf 77' lang='lat' dir='ltr'><strong>vero</strong></span> <span class='ocrx_word' id='word_1_124' title='bbox 369 1744 497 1796; x_wconf 72' lang='lat' dir='ltr'><strong>Horatius</strong></span> <span class='ocrx_word' id='word_1_125' title='bbox 514 1744 569 1796; x_wconf 90' lang='lat' dir='ltr'><strong>rllio</strong></span> <span class='ocrx_word' id='word_1_126' title='bbox 590 1744 653 1796; x_wconf 89' lang='lat' dir='ltr'><strong>inde</strong></span> <span class='ocrx_word' id='word_1_127' title='bbox 670 1759 686 1795; x_wconf 84' lang='lat' dir='ltr'><strong>a</strong></span> <span class='ocrx_word' id='word_1_128' title='bbox 701 1760 728 1796; x_wconf 85' lang='lat' dir='ltr'><strong>v.</strong></span> <span class='ocrx_word' id='word_1_129' title='bbox 745 1743 780 1796; x_wconf 79' lang='lat'><strong>50</strong></span> <span class='ocrx_word' id='word_1_130' title='bbox 796 1743 964 1813; x_wconf 70' lang='lat' dir='ltr'><strong>reprehendit</strong></span> <span class='ocrx_word' id='word_1_131' title='bbox 984 1747 1136 1802; x_wconf 77' lang='lat' dir='ltr'><strong>criticorum</strong></span> <span class='ocrx_word' id='word_1_132' title='bbox 1152 1769 1259 1820; x_wconf 85' lang='lat' dir='ltr'><strong>perver-</strong></span> 
     </span>
     <span class='ocr_line' id='line_1_19' title="bbox 84 1812 1260 1928; baseline 0.004 -60"><span class='ocrx_word' id='word_1_133' title='bbox 84 1814 207 1880; x_wconf 68' lang='lat' dir='ltr'><strong>aaron,</strong></span> <span class='ocrx_word' id='word_1_134' title='bbox 229 1812 275 1892; x_wconf 87' lang='lat' dir='ltr'><strong>qui</strong></span> <span class='ocrx_word' id='word_1_135' title='bbox 297 1812 466 1880; x_wconf 74' lang='lat' dir='ltr'><strong>antiquorum</strong></span> <span class='ocrx_word' id='word_1_136' title='bbox 489 1816 592 1862; x_wconf 86' lang='lat' dir='ltr'><strong>tantum</strong></span> <span class='ocrx_word' id='word_1_137' title='bbox 615 1817 754 1880; x_wconf 81' lang='lat' dir='ltr'><strong>poetarum</strong></span> <span class='ocrx_word' id='word_1_138' title='bbox 777 1812 894 1864; x_wconf 82' lang='lat' dir='ltr'><strong>carmina</strong></span> <span class='ocrx_word' id='word_1_139' title='bbox 922 1813 1080 1928; x_wconf 67' lang='lat' dir='ltr'><strong>probarent,</strong></span> <span class='ocrx_word' id='word_1_140' title='bbox 1115 1819 1260 1874; x_wconf 80' lang='lat' dir='ltr'><strong>Varronem</strong></span> 
     </span>
     <span class='ocr_line' id='line_1_20' title="bbox 86 1877 1261 1950; baseline 0.005 -15"><span class='ocrx_word' id='word_1_141' title='bbox 86 1887 176 1935; x_wconf 84' lang='lat' dir='ltr'><strong>autern</strong></span> <span class='ocrx_word' id='word_1_142' title='bbox 192 1879 360 1950; x_wconf 74' lang='lat' dir='ltr'><strong>patruinum</strong></span> <span class='ocrx_word' id='word_1_143' title='bbox 375 1877 492 1947; x_wconf 73' lang='lat' dir='ltr'><strong>respexit</strong></span> <span class='ocrx_word' id='word_1_144' title='bbox 508 1878 618 1946; x_wconf 70' lang='lat' dir='ltr'><strong>eiusque</strong></span> <span class='ocrx_word' id='word_1_145' title='bbox 634 1878 733 1930; x_wconf 84' lang='lat' dir='ltr'><strong>iudicia</strong></span> <span class='ocrx_word' id='word_1_146' title='bbox 748 1879 891 1933; x_wconf 76' lang='lat' dir='ltr'><strong>recemuit·</strong></span> <span class='ocrx_word' id='word_1_147' title='bbox 943 1895 1008 1950; x_wconf 81' lang='lat' dir='ltr'><strong>arro</strong></span> <span class='ocrx_word' id='word_1_148' title='bbox 1031 1883 1102 1934; x_wconf 89' lang='lat' dir='ltr'><strong>enim</strong></span> <span class='ocrx_word' id='word_1_149' title='bbox 1124 1901 1184 1938; x_wconf 85' lang='lat' dir='ltr'><strong>corn</strong></span> <span class='ocrx_word' id='word_1_150' title='bbox 1201 1889 1261 1941; x_wconf 80' lang='lat' dir='ltr'><strong>ani-</strong></span> 
     </span>
     <span class='ocr_line' id='line_1_21' title="bbox 85 1945 1261 2065; baseline 0.004 -63"><span class='ocrx_word' id='word_1_151' title='bbox 85 1948 271 2002; x_wconf 79' lang='lat' dir='ltr'><strong>madvertisset</strong></span> <span class='ocrx_word' id='word_1_152' title='bbox 296 1952 459 2065; x_wconf 76' lang='lat' dir='ltr'><strong>quantopere</strong></span> <span class='ocrx_word' id='word_1_153' title='bbox 481 1946 596 1999; x_wconf 78' lang='lat' dir='ltr'><strong>Rauraci</strong></span> <span class='ocrx_word' id='word_1_154' title='bbox 626 1962 644 1998; x_wconf 91' lang='lat' dir='ltr'><strong>a</strong></span> <span class='ocrx_word' id='word_1_155' title='bbox 666 1945 797 1998; x_wconf 84' lang='lat' dir='ltr'><strong>maiorum</strong></span> <span class='ocrx_word' id='word_1_156' title='bbox 820 1961 895 2026; x_wconf 77' lang='lat' dir='ltr'><strong>more</strong></span> <span class='ocrx_word' id='word_1_157' title='bbox 915 1946 1087 2028; x_wconf 68' lang='lat' dir='ltr'><strong>deeriyiraent</strong></span> <span class='ocrx_word' id='word_1_158' title='bbox 1109 1960 1261 2024; x_wconf 77' lang='lat' dir='ltr'><strong>quantaque</strong></span> 
     </span>
     <span class='ocr_line' id='line_1_22' title="bbox 85 2011 1259 2161; baseline 0.006 -23"><span class='ocrx_word' id='word_1_159' title='bbox 85 2018 237 2139; x_wconf 56' lang='grc' dir='ltr'><strong>ξὲῃἯὲῗῖ</strong></span> <span class='ocrx_word' id='word_1_160' title='bbox 248 2017 605 2152; x_wconf 54' lang='lat' dir='ltr'><strong>{inltlltllsslttd</strong></span> <span class='ocrx_word' id='word_1_161' title='bbox 616 2011 1136 2161; x_wconf 52' lang='lat' dir='ltr'><strong>&#39;&#39;ffliuiiffb&#39;iffif‘ffiil</strong></span> <span class='ocrx_word' id='word_1_162' title='bbox 1152 2037 1259 2157; x_wconf 63' lang='lat' dir='ltr'><strong>{llll</strong></span> 
     </span>
     <span class='ocr_line' id='line_1_23' title="bbox 84 2149 1259 2222; baseline 0.005 -16"><span class='ocrx_word' id='word_1_163' title='bbox 84 2164 114 2206; x_wconf 88' lang='lat' dir='ltr'><strong>re</strong></span> <span class='ocrx_word' id='word_1_164' title='bbox 137 2149 178 2206; x_wconf 88' lang='lat' dir='ltr'><strong>ita</strong></span> <span class='ocrx_word' id='word_1_165' title='bbox 192 2157 313 2206; x_wconf 79' lang='lat' dir='ltr'><strong>venatus</strong></span> <span class='ocrx_word' id='word_1_166' title='bbox 330 2155 386 2218; x_wconf 79' lang='lat' dir='ltr'><strong>eat,</strong></span> <span class='ocrx_word' id='word_1_167' title='bbox 411 2149 478 2202; x_wconf 80' lang='lat' dir='ltr'><strong>nihil</strong></span> <span class='ocrx_word' id='word_1_168' title='bbox 495 2150 655 2215; x_wconf 73' lang='lat' dir='ltr'><strong>attingeret</strong></span> <span class='ocrx_word' id='word_1_169' title='bbox 676 2154 724 2203; x_wconf 91' lang='lat' dir='ltr'><strong>aut</strong></span> <span class='ocrx_word' id='word_1_170' title='bbox 740 2150 883 2204; x_wconf 87' lang='lat' dir='ltr'><strong>artriicioae</strong></span> <span class='ocrx_word' id='word_1_171' title='bbox 899 2160 1083 2222; x_wconf 85' lang='lat' dir='ltr'><strong>componeret,</strong></span> <span class='ocrx_word' id='word_1_172' title='bbox 1105 2157 1152 2208; x_wconf 86' lang='lat' dir='ltr'><strong>red</strong></span> <span class='ocrx_word' id='word_1_173' title='bbox 1169 2159 1259 2212; x_wconf 88' lang='lat' dir='ltr'><strong>omnia</strong></span> 
     </span>
     <span class='ocr_line' id='line_1_24' title="bbox 85 2217 1259 2292; baseline 0.005 -18"><span class='ocrx_word' id='word_1_174' title='bbox 85 2221 114 2274; x_wconf 83' lang='lat' dir='ltr'><strong>in</strong></span> <span class='ocrx_word' id='word_1_175' title='bbox 130 2220 262 2274; x_wconf 82' lang='lat' dir='ltr'><strong>maiorum</strong></span> <span class='ocrx_word' id='word_1_176' title='bbox 278 2219 396 2271; x_wconf 77' lang='lat' dir='ltr'><strong>moribus</strong></span> <span class='ocrx_word' id='word_1_177' title='bbox 411 2224 441 2271; x_wconf 90' lang='lat' dir='ltr'><strong>et</strong></span> <span class='ocrx_word' id='word_1_178' title='bbox 455 2217 584 2270; x_wconf 84' lang='lat' dir='ltr'><strong>inetitutir</strong></span> <span class='ocrx_word' id='word_1_179' title='bbox 601 2220 755 2285; x_wconf 84' lang='lat' dir='ltr'><strong>collocaret,</strong></span> <span class='ocrx_word' id='word_1_180' title='bbox 777 2235 813 2272; x_wconf 83' lang='lat' dir='ltr'><strong>ex</strong></span> <span class='ocrx_word' id='word_1_181' title='bbox 838 2220 933 2288; x_wconf 86' lang='lat' dir='ltr'><strong>quibua</strong></span> <span class='ocrx_word' id='word_1_182' title='bbox 947 2237 1017 2275; x_wconf 86' lang='lat' dir='ltr'><strong>nora</strong></span> <span class='ocrx_word' id='word_1_183' title='bbox 1033 2223 1109 2290; x_wconf 81' lang='lat' dir='ltr'><strong>quari</strong></span> <span class='ocrx_word' id='word_1_184' title='bbox 1126 2224 1194 2292; x_wconf 83' lang='lat' dir='ltr'><strong>vita,</strong></span> <span class='ocrx_word' id='word_1_185' title='bbox 1210 2227 1259 2280; x_wconf 81' lang='lat' dir='ltr'><strong>red</strong></span> 
     </span>
     <span class='ocr_line' id='line_1_25' title="bbox 85 2287 1311 2371; baseline 0.005 -29"><span class='ocrx_word' id='word_1_186' title='bbox 85 2289 179 2342; x_wconf 86' lang='lat' dir='ltr'><strong>melior</strong></span> <span class='ocrx_word' id='word_1_187' title='bbox 195 2287 398 2356; x_wconf 73' lang='lat' dir='ltr'><strong>diuturniorque</strong></span> <span class='ocrx_word' id='word_1_188' title='bbox 414 2292 605 2366; x_wconf 75' lang='lat' dir='ltr'><strong>propagaretur</strong></span> <span class='ocrx_word' id='word_1_189' title='bbox 627 2289 747 2354; x_wconf 80' lang='lat' dir='ltr'><strong>altaeque</strong></span> <span class='ocrx_word' id='word_1_190' title='bbox 773 2293 865 2351; x_wconf 73' lang='lat' dir='ltr'><strong>ageret</strong></span> <span class='ocrx_word' id='word_1_191' title='bbox 885 2288 997 2344; x_wconf 85' lang='lat' dir='ltr'><strong>radioea.</strong></span> <span class='ocrx_word' id='word_1_192' title='bbox 1030 2291 1122 2371; x_wconf 89' lang='lat' dir='ltr'><strong>ltaque</strong></span> <span class='ocrx_word' id='word_1_193' title='bbox 1138 2309 1199 2346; x_wconf 89' lang='lat' dir='ltr'><strong>curn</strong></span> <span class='ocrx_word' id='word_1_194' title='bbox 1213 2295 1258 2348; x_wconf 89' lang='lat' dir='ltr'><strong>in-</strong></span> <span class='ocrx_word' id='word_1_195' title='bbox 1305 2336 1311 2356; x_wconf 79' lang='grc'><em>.</em></span> 
     </span>
     <span class='ocr_line' id='line_1_26' title="bbox 84 2354 1257 2423; baseline 0.005 -13"><span class='ocrx_word' id='word_1_196' title='bbox 84 2361 192 2423; x_wconf 68' lang='lat' dir='ltr'><strong>gentem</strong></span> <span class='ocrx_word' id='word_1_197' title='bbox 213 2356 268 2410; x_wconf 82' lang='lat' dir='ltr'><strong>rim</strong></span> <span class='ocrx_word' id='word_1_198' title='bbox 289 2360 320 2409; x_wconf 89' lang='lat' dir='ltr'><strong>et</strong></span> <span class='ocrx_word' id='word_1_199' title='bbox 333 2360 471 2408; x_wconf 82' lang='lat' dir='ltr'><strong>matonam</strong></span> <span class='ocrx_word' id='word_1_200' title='bbox 493 2354 673 2408; x_wconf 83' lang='lat' dir='ltr'><strong>doctrinarum</strong></span> <span class='ocrx_word' id='word_1_201' title='bbox 696 2356 864 2423; x_wconf 82' lang='lat' dir='ltr'><strong>complexua,</strong></span> <span class='ocrx_word' id='word_1_202' title='bbox 887 2357 968 2410; x_wconf 85' lang='lat' dir='ltr'><strong>etiam</strong></span> <span class='ocrx_word' id='word_1_203' title='bbox 989 2357 1138 2413; x_wconf 85' lang='lat' dir='ltr'><strong>liberabum</strong></span> <span class='ocrx_word' id='word_1_204' title='bbox 1160 2361 1257 2416; x_wconf 59' lang='lat' dir='ltr'><strong>mum</strong></span> 
     </span>
     <span class='ocr_line' id='line_1_27' title="bbox 84 2421 1258 2494; baseline 0.004 -16"><span class='ocrx_word' id='word_1_205' title='bbox 84 2425 283 2492; x_wconf 80' lang='lat' dir='ltr'><strong>litterarumque</strong></span> <span class='ocrx_word' id='word_1_206' title='bbox 302 2423 461 2492; x_wconf 78' lang='lat' dir='ltr'><strong>optirnarum</strong></span> <span class='ocrx_word' id='word_1_207' title='bbox 477 2423 565 2475; x_wconf 87' lang='lat' dir='ltr'><strong>rtudia</strong></span> <span class='ocrx_word' id='word_1_208' title='bbox 580 2421 728 2488; x_wconf 72' lang='lat' dir='ltr'><strong>attigimet,</strong></span> <span class='ocrx_word' id='word_1_209' title='bbox 752 2423 883 2491; x_wconf 83' lang='lat' dir='ltr'><strong>quaeririt</strong></span> <span class='ocrx_word' id='word_1_210' title='bbox 902 2425 1031 2494; x_wconf 82' lang='lat' dir='ltr'><strong>manime,</strong></span> <span class='ocrx_word' id='word_1_211' title='bbox 1055 2434 1184 2494; x_wconf 85' lang='lat' dir='ltr'><strong>quantum</strong></span> <span class='ocrx_word' id='word_1_212' title='bbox 1201 2432 1258 2484; x_wconf 86' lang='lat' dir='ltr'><strong>Ro-</strong></span> 
     </span>
     <span class='ocr_line' id='line_1_28' title="bbox 84 2489 1258 2563; baseline 0.003 -15"><span class='ocrx_word' id='word_1_213' title='bbox 84 2493 157 2549; x_wconf 76' lang='lat' dir='ltr'><strong>neni</strong></span> <span class='ocrx_word' id='word_1_214' title='bbox 179 2492 324 2546; x_wconf 74' lang='lat' dir='ltr'><strong>maioribus</strong></span> <span class='ocrx_word' id='word_1_215' title='bbox 346 2496 413 2543; x_wconf 85' lang='lat' dir='ltr'><strong>natu</strong></span> <span class='ocrx_word' id='word_1_216' title='bbox 434 2490 464 2543; x_wconf 87' lang='lat' dir='ltr'><strong>lu</strong></span> <span class='ocrx_word' id='word_1_217' title='bbox 486 2489 528 2542; x_wconf 84' lang='lat' dir='ltr'><strong>hie</strong></span> <span class='ocrx_word' id='word_1_218' title='bbox 545 2505 651 2558; x_wconf 88' lang='lat' dir='ltr'><strong>quoque</strong></span> <span class='ocrx_word' id='word_1_219' title='bbox 667 2491 746 2542; x_wconf 84' lang='lat' dir='ltr'><strong>rebua</strong></span> <span class='ocrx_word' id='word_1_220' title='bbox 763 2491 898 2558; x_wconf 81' lang='lat' dir='ltr'><strong>deberent,</strong></span> <span class='ocrx_word' id='word_1_221' title='bbox 915 2492 1022 2560; x_wconf 83' lang='lat' dir='ltr'><strong>reiecta,</strong></span> <span class='ocrx_word' id='word_1_222' title='bbox 1038 2499 1069 2546; x_wconf 86' lang='lat' dir='ltr'><strong>ut</strong></span> <span class='ocrx_word' id='word_1_223' title='bbox 1085 2495 1197 2563; x_wconf 82' lang='lat' dir='ltr'><strong>ridetur,</strong></span> <span class='ocrx_word' id='word_1_224' title='bbox 1214 2501 1258 2552; x_wconf 86' lang='lat' dir='ltr'><strong>eui</strong></span> 
     </span>
     <span class='ocr_line' id='line_1_29' title="bbox 84 2559 1257 2636; baseline 0.004 -22"><span class='ocrx_word' id='word_1_225' title='bbox 84 2561 143 2614; x_wconf 84' lang='lat' dir='ltr'><strong>aeri</strong></span> <span class='ocrx_word' id='word_1_226' title='bbox 166 2560 295 2613; x_wconf 86' lang='lat' dir='ltr'><strong>doctrina.</strong></span> <span class='ocrx_word' id='word_1_227' title='bbox 328 2559 456 2612; x_wconf 80' lang='lat' dir='ltr'><strong>Varronis</strong></span> <span class='ocrx_word' id='word_1_228' title='bbox 473 2563 561 2611; x_wconf 86' lang='lat' dir='ltr'><strong>antem</strong></span> <span class='ocrx_word' id='word_1_229' title='bbox 583 2574 643 2610; x_wconf 89' lang='lat' dir='ltr'><strong>cum</strong></span> <span class='ocrx_word' id='word_1_230' title='bbox 666 2564 737 2610; x_wconf 81' lang='lat' dir='ltr'><strong>esset</strong></span> <span class='ocrx_word' id='word_1_231' title='bbox 758 2574 862 2611; x_wconf 75' lang='lat' dir='ltr'><strong>summa</strong></span> <span class='ocrx_word' id='word_1_232' title='bbox 883 2560 1036 2627; x_wconf 75' lang='lat' dir='ltr'><strong>auotoritas,</strong></span> <span class='ocrx_word' id='word_1_233' title='bbox 1057 2561 1079 2614; x_wconf 90' lang='lat' dir='ltr'><strong>ii</strong></span> <span class='ocrx_word' id='word_1_234' title='bbox 1099 2571 1195 2631; x_wconf 87' lang='lat' dir='ltr'><strong>poetae</strong></span> <span class='ocrx_word' id='word_1_235' title='bbox 1211 2566 1257 2636; x_wconf 89' lang='lat' dir='ltr'><strong>qui</strong></span> 
     </span>
     <span class='ocr_line' id='line_1_30' title="bbox 84 2624 1257 2711; baseline 0.003 -29"><span class='ocrx_word' id='word_1_236' title='bbox 84 2629 247 2682; x_wconf 79' lang='lat' dir='ltr'><strong>Graecarum</strong></span> <span class='ocrx_word' id='word_1_237' title='bbox 278 2627 431 2680; x_wconf 86' lang='lat' dir='ltr'><strong>litterarum</strong></span> <span class='ocrx_word' id='word_1_238' title='bbox 453 2624 548 2679; x_wconf 84' lang='lat' dir='ltr'><strong>etudiia</strong></span> <span class='ocrx_word' id='word_1_239' title='bbox 568 2624 725 2694; x_wconf 86' lang='lat' dir='ltr'><strong>poethabitie</strong></span> <span class='ocrx_word' id='word_1_240' title='bbox 756 2627 790 2678; x_wconf 90' lang='lat' dir='ltr'><strong>ad</strong></span> <span class='ocrx_word' id='word_1_241' title='bbox 812 2627 921 2696; x_wconf 83' lang='lat' dir='ltr'><strong>antiqua</strong></span> <span class='ocrx_word' id='word_1_242' title='bbox 942 2629 1063 2682; x_wconf 86' lang='lat' dir='ltr'><strong>Romana</strong></span> <span class='ocrx_word' id='word_1_243' title='bbox 1084 2634 1205 2711; x_wconf 80' lang='lat' dir='ltr'><strong>exempla</strong></span> <span class='ocrx_word' id='word_1_244' title='bbox 1227 2651 1257 2687; x_wconf 85' lang='lat' dir='ltr'><strong>aa</strong></span> 
     </span>
     <span class='ocr_line' id='line_1_31' title="bbox 82 2700 1257 2845; baseline 0.004 -27"><span class='ocrx_word' id='word_1_245' title='bbox 82 2764 226 2830; x_wconf 75' lang='lat' dir='ltr'><strong>Horatiae,</strong></span> <span class='ocrx_word' id='word_1_246' title='bbox 243 2763 290 2816; x_wconf 90' lang='lat' dir='ltr'><strong>alii</strong></span> <span class='ocrx_word' id='word_1_247' title='bbox 305 2763 496 2831; x_wconf 75' lang='lat' dir='ltr'><strong>sequebantur:</strong></span> <span class='ocrx_word' id='word_1_248' title='bbox 519 2768 596 2814; x_wconf 90' lang='lat' dir='ltr'><strong>erant</strong></span> <span class='ocrx_word' id='word_1_249' title='bbox 611 2762 683 2842; x_wconf 80' lang='lat' dir='ltr'><strong>enirn</strong></span> <span class='ocrx_word' id='word_1_250' title='bbox 705 2777 770 2815; x_wconf 85' lang='lat' dir='ltr'><strong>eane</strong></span> <span class='ocrx_word' id='word_1_251' title='bbox 791 2769 855 2844; x_wconf 80' lang='lat' dir='ltr'><strong>tuno</strong></span> <span class='ocrx_word' id='word_1_252' title='bbox 870 2758 973 2845; x_wconf 76' lang='lat' dir='ltr'><strong>Romae</strong></span> <span class='ocrx_word' id='word_1_253' title='bbox 989 2700 1257 2838; x_wconf 45' lang='lat' dir='ltr'><strong>qquapnmxrrlqahoepp,</strong></span> 
     </span>
     <span class='ocr_line' id='line_1_32' title="bbox 81 2830 1256 2899; baseline 0.003 -13"><span class='ocrx_word' id='word_1_254' title='bbox 81 2847 143 2886; x_wconf 90' lang='lat' dir='ltr'><strong>rum</strong></span> <span class='ocrx_word' id='word_1_255' title='bbox 159 2832 293 2896; x_wconf 80' lang='lat' dir='ltr'><strong>familiae,</strong></span> <span class='ocrx_word' id='word_1_256' title='bbox 317 2848 431 2899; x_wconf 88' lang='lat' dir='ltr'><strong>quarum</strong></span> <span class='ocrx_word' id='word_1_257' title='bbox 446 2830 635 2899; x_wconf 79' lang='lat' dir='ltr'><strong>uraGraeoar</strong></span> <span class='ocrx_word' id='word_1_258' title='bbox 652 2832 754 2883; x_wconf 84' lang='lat' dir='ltr'><strong>btteraa</strong></span> <span class='ocrx_word' id='word_1_259' title='bbox 770 2847 849 2884; x_wconf 89' lang='lat' dir='ltr'><strong>unroe</strong></span> <span class='ocrx_word' id='word_1_260' title='bbox 865 2832 1045 2886; x_wconf 78' lang='lat' dir='ltr'><strong>admirabatur</strong></span> <span class='ocrx_word' id='word_1_261' title='bbox 1060 2841 1088 2888; x_wconf 84' lang='lat' dir='ltr'><strong>et</strong></span> <span class='ocrx_word' id='word_1_262' title='bbox 1103 2838 1256 2890; x_wconf 85' lang='lat' dir='ltr'><strong>aemulaba-</strong></span> 
     </span>
     <span class='ocr_line' id='line_1_33' title="bbox 80 2893 1255 2970; baseline 0.004 -17"><span class='ocrx_word' id='word_1_263' title='bbox 80 2905 142 2968; x_wconf 78' lang='lat' dir='ltr'><strong>tur,</strong></span> <span class='ocrx_word' id='word_1_264' title='bbox 165 2903 249 2953; x_wconf 83' lang='lat' dir='ltr'><strong>altera</strong></span> <span class='ocrx_word' id='word_1_265' title='bbox 270 2893 337 2952; x_wconf 85' lang='lat' dir='ltr'><strong>nihil</strong></span> <span class='ocrx_word' id='word_1_266' title='bbox 358 2895 411 2951; x_wconf 85' lang='lat' dir='ltr'><strong>niri</strong></span> <span class='ocrx_word' id='word_1_267' title='bbox 434 2897 605 2966; x_wconf 81' lang='lat' dir='ltr'><strong>antiquorum</strong></span> <span class='ocrx_word' id='word_1_268' title='bbox 627 2899 808 2950; x_wconf 84' lang='lat' dir='ltr'><strong>Romanorum</strong></span> <span class='ocrx_word' id='word_1_269' title='bbox 830 2915 912 2967; x_wconf 89' lang='lat' dir='ltr'><strong>opera</strong></span> <span class='ocrx_word' id='word_1_270' title='bbox 933 2902 1075 2970; x_wconf 87' lang='lat' dir='ltr'><strong>probabatr</strong></span> <span class='ocrx_word' id='word_1_271' title='bbox 1101 2905 1148 2956; x_wconf 84' lang='lat' dir='ltr'><strong>aed</strong></span> <span class='ocrx_word' id='word_1_272' title='bbox 1165 2904 1198 2957; x_wconf 90' lang='lat' dir='ltr'><strong>de</strong></span> <span class='ocrx_word' id='word_1_273' title='bbox 1213 2905 1255 2959; x_wconf 82' lang='lat' dir='ltr'><strong>bia</strong></span> 
     </span>
     <span class='ocr_line' id='line_1_34' title="bbox 81 2964 1255 3031; baseline 0.004 -10"><span class='ocrx_word' id='word_1_274' title='bbox 81 2969 213 3022; x_wconf 83' lang='lat' dir='ltr'><strong>dlaeerere</strong></span> <span class='ocrx_word' id='word_1_275' title='bbox 234 2982 291 3020; x_wconf 83' lang='lat' dir='ltr'><strong>non</strong></span> <span class='ocrx_word' id='word_1_276' title='bbox 313 2972 355 3020; x_wconf 80' lang='lat' dir='ltr'><strong>ert</strong></span> <span class='ocrx_word' id='word_1_277' title='bbox 378 2966 457 3019; x_wconf 86' lang='lat' dir='ltr'><strong>boine</strong></span> <span class='ocrx_word' id='word_1_278' title='bbox 472 2964 600 3021; x_wconf 81' lang='lat' dir='ltr'><strong>metitutl.</strong></span> <span class='ocrx_word' id='word_1_279' title='bbox 633 2965 762 3018; x_wconf 81' lang='lat' dir='ltr'><strong>Horatiae</strong></span> <span class='ocrx_word' id='word_1_280' title='bbox 778 2966 861 3031; x_wconf 78' lang='lat' dir='ltr'><strong>igitur</strong></span> <span class='ocrx_word' id='word_1_281' title='bbox 876 2984 937 3021; x_wconf 85' lang='lat' dir='ltr'><strong>eum</strong></span> <span class='ocrx_word' id='word_1_282' title='bbox 952 2972 1031 3023; x_wconf 83' lang='lat' dir='ltr'><strong>vellet</strong></span> <span class='ocrx_word' id='word_1_283' title='bbox 1047 2985 1077 3022; x_wconf 86' lang='lat' dir='ltr'><strong>ee</strong></span> <span class='ocrx_word' id='word_1_284' title='bbox 1093 2972 1127 3023; x_wconf 88' lang='lat' dir='ltr'><strong>ab</strong></span> <span class='ocrx_word' id='word_1_285' title='bbox 1143 2972 1255 3026; x_wconf 85' lang='lat' dir='ltr'><strong>ietorum</strong></span> 
     </span>
     <span class='ocr_line' id='line_1_35' title="bbox 79 3032 1255 3106; baseline 0.003 -16"><span class='ocrx_word' id='word_1_286' title='bbox 79 3035 310 3090; x_wconf 65' lang='lat' dir='ltr'><strong>emundentur·</strong></span> <span class='ocrx_word' id='word_1_287' title='bbox 331 3033 485 3100; x_wconf 63' lang='lat' dir='ltr'><strong>deludere,</strong></span> <span class='ocrx_word' id='word_1_288' title='bbox 511 3033 608 3087; x_wconf 87' lang='lat' dir='ltr'><strong>aoritor</strong></span> <span class='ocrx_word' id='word_1_289' title='bbox 628 3032 675 3088; x_wconf 85' lang='lat' dir='ltr'><strong>illa</strong></span> <span class='ocrx_word' id='word_1_290' title='bbox 696 3033 794 3087; x_wconf 89' lang='lat' dir='ltr'><strong>iudicia</strong></span> <span class='ocrx_word' id='word_1_291' title='bbox 814 3034 992 3104; x_wconf 70' lang='lat' dir='ltr'><strong>impugnaritr</strong></span> <span class='ocrx_word' id='word_1_292' title='bbox 1017 3037 1108 3106; x_wconf 85' lang='lat' dir='ltr'><strong>itaque</strong></span> <span class='ocrx_word' id='word_1_293' title='bbox 1123 3038 1175 3092; x_wconf 90' lang='lat' dir='ltr'><strong>hoc</strong></span> <span class='ocrx_word' id='word_1_294' title='bbox 1195 3043 1255 3094; x_wconf 92' lang='lat' dir='ltr'><strong>looo</strong></span> 
     </span>
     <span class='ocr_line' id='line_1_36' title="bbox 78 3101 1256 3174; baseline 0.003 -15"><span class='ocrx_word' id='word_1_295' title='bbox 78 3104 211 3159; x_wconf 68' lang='lat' dir='ltr'><strong>Varum</strong></span> <span class='ocrx_word' id='word_1_296' title='bbox 226 3103 386 3169; x_wconf 68' lang='lat' dir='ltr'><strong>mutandae,</strong></span> <span class='ocrx_word' id='word_1_297' title='bbox 402 3117 469 3171; x_wconf 84' lang='lat' dir='ltr'><strong>quae</strong></span> <span class='ocrx_word' id='word_1_298' title='bbox 479 3102 527 3155; x_wconf 86' lang='lat' dir='ltr'><strong>ille</strong></span> <span class='ocrx_word' id='word_1_299' title='bbox 541 3101 570 3154; x_wconf 91' lang='lat' dir='ltr'><strong>in</strong></span> <span class='ocrx_word' id='word_1_300' title='bbox 587 3101 661 3155; x_wconf 84' lang='lat' dir='ltr'><strong>libria</strong></span> <span class='ocrx_word' id='word_1_301' title='bbox 677 3102 712 3153; x_wconf 87' lang='lat' dir='ltr'><strong>de</strong></span> <span class='ocrx_word' id='word_1_302' title='bbox 728 3103 819 3167; x_wconf 72' lang='lat' dir='ltr'><strong>lingua</strong></span> <span class='ocrx_word' id='word_1_303' title='bbox 835 3103 948 3172; x_wconf 84' lang='lat' dir='ltr'><strong>Latina,</strong></span> <span class='ocrx_word' id='word_1_304' title='bbox 969 3106 1003 3157; x_wconf 89' lang='lat' dir='ltr'><strong>de</strong></span> <span class='ocrx_word' id='word_1_305' title='bbox 1019 3106 1182 3174; x_wconf 82' lang='lat' dir='ltr'><strong>proprietate</strong></span> <span class='ocrx_word' id='word_1_306' title='bbox 1197 3125 1256 3162; x_wconf 84' lang='lat' dir='ltr'><strong>aer·</strong></span> 
     </span>
     <span class='ocr_line' id='line_1_37' title="bbox 78 3168 1255 3251; baseline 0.004 -26"><span class='ocrx_word' id='word_1_307' title='bbox 78 3184 209 3238; x_wconf 82' lang='lat' dir='ltr'><strong>aeonum,</strong></span> <span class='ocrx_word' id='word_1_308' title='bbox 225 3171 259 3224; x_wconf 84' lang='lat' dir='ltr'><strong>de</strong></span> <span class='ocrx_word' id='word_1_309' title='bbox 275 3171 419 3240; x_wconf 82' lang='lat' dir='ltr'><strong>poematia,</strong></span> <span class='ocrx_word' id='word_1_310' title='bbox 437 3171 471 3222; x_wconf 88' lang='lat' dir='ltr'><strong>de</strong></span> <span class='ocrx_word' id='word_1_311' title='bbox 488 3169 585 3239; x_wconf 74' lang='lat' dir='ltr'><strong>poetic,</strong></span> <span class='ocrx_word' id='word_1_312' title='bbox 601 3169 661 3222; x_wconf 84' lang='lat' dir='ltr'><strong>aliia</strong></span> <span class='ocrx_word' id='word_1_313' title='bbox 676 3168 791 3248; x_wconf 80' lang='lat' dir='ltr'><strong>iortaaee</strong></span> <span class='ocrx_word' id='word_1_314' title='bbox 806 3179 995 3251; x_wconf 78' lang='lat' dir='ltr'><strong>proposuerat,</strong></span> <span class='ocrx_word' id='word_1_315' title='bbox 1011 3173 1146 3228; x_wconf 78' lang='lat' dir='ltr'><strong>examinat</strong></span> <span class='ocrx_word' id='word_1_316' title='bbox 1161 3179 1190 3230; x_wconf 86' lang='lat' dir='ltr'><strong>et</strong></span> <span class='ocrx_word' id='word_1_317' title='bbox 1205 3177 1255 3230; x_wconf 83' lang='lat' dir='ltr'><strong>rub</strong></span> 
     </span>
     <span class='ocr_line' id='line_1_38' title="bbox 78 3235 1185 3316; baseline 0 -21"><span class='ocrx_word' id='word_1_318' title='bbox 78 3236 208 3295; x_wconf 75' lang='lat' dir='ltr'><strong>iudicium</strong></span> <span class='ocrx_word' id='word_1_319' title='bbox 223 3245 310 3295; x_wconf 77' lang='lat' dir='ltr'><strong>voert.</strong></span> <span class='ocrx_word' id='word_1_320' title='bbox 334 3235 461 3292; x_wconf 72' lang='lat' dir='ltr'><strong>Varroni·</strong></span> <span class='ocrx_word' id='word_1_321' title='bbox 477 3252 616 3291; x_wconf 85' lang='lat' dir='ltr'><strong>ceneuram</strong></span> <span class='ocrx_word' id='word_1_322' title='bbox 632 3253 747 3316; x_wconf 70' lang='lat' dir='ltr'><strong>muarnre</strong></span> <span class='ocrx_word' id='word_1_323' title='bbox 763 3236 853 3306; x_wconf 77' lang='lat' dir='ltr'><strong>prodit</strong></span> <span class='ocrx_word' id='word_1_324' title='bbox 867 3241 914 3292; x_wconf 89' lang='lat' dir='ltr'><strong>rlle</strong></span> <span class='ocrx_word' id='word_1_325' title='bbox 929 3256 1037 3308; x_wconf 76' lang='lat' dir='ltr'><strong>umor,</strong></span> <span class='ocrx_word' id='word_1_326' title='bbox 1054 3241 1185 3309; x_wconf 77' lang='lat' dir='ltr'><strong>(Dicitur)</strong></span> 
     </span>
    </p>

    <p class='ocr_par' dir='ltr' id='par_1_13' title="bbox 75 3303 1254 3990">
     <span class='ocr_line' id='line_1_39' title="bbox 147 3303 820 3372; baseline -0.01 -9"><span class='ocrx_word' id='word_1_327' title='bbox 147 3303 261 3363; x_wconf 74' lang='lat' dir='ltr'><strong>Vincere</strong></span> <span class='ocrx_word' id='word_1_328' title='bbox 278 3306 409 3360; x_wconf 80' lang='lat' dir='ltr'><strong>Caecilius</strong></span> <span class='ocrx_word' id='word_1_329' title='bbox 424 3306 570 3372; x_wconf 63' lang='lat' dir='ltr'><strong>gravium,</strong></span> <span class='ocrx_word' id='word_1_330' title='bbox 587 3306 731 3358; x_wconf 74' lang='lat' dir='ltr'><strong>Terentius</strong></span> <span class='ocrx_word' id='word_1_331' title='bbox 748 3311 820 3371; x_wconf 88' lang='lat' dir='ltr'><strong>arto,</strong></span> 
     </span>
     <span class='ocr_line' id='line_1_40' title="bbox 77 3372 1254 3496; baseline 0.004 -68"><span class='ocrx_word' id='word_1_332' title='bbox 77 3375 126 3446; x_wconf 71' lang='grc' dir='ltr'><strong>«μή</strong></span> <span class='ocrx_word' id='word_1_333' title='bbox 141 3376 250 3496; x_wconf 72' lang='lat' dir='ltr'><strong>qqidcrn</strong></span> <span class='ocrx_word' id='word_1_334' title='bbox 265 3387 375 3445; x_wconf 80' lang='lat' dir='ltr'><strong>prorem</strong></span> <span class='ocrx_word' id='word_1_335' title='bbox 390 3374 514 3440; x_wconf 73' lang='lat' dir='ltr'><strong>congruit</strong></span> <span class='ocrx_word' id='word_1_336' title='bbox 528 3388 589 3426; x_wconf 86' lang='lat' dir='ltr'><strong>oum</strong></span> <span class='ocrx_word' id='word_1_337' title='bbox 605 3373 733 3426; x_wconf 74' lang='lat' dir='ltr'><strong>Varroni·</strong></span> <span class='ocrx_word' id='word_1_338' title='bbox 748 3372 865 3440; x_wconf 77' lang='lat' dir='ltr'><strong>iudicia,</strong></span> <span class='ocrx_word' id='word_1_339' title='bbox 888 3373 1010 3441; x_wconf 85' lang='lat' dir='ltr'><strong>quod-ex</strong></span> <span class='ocrx_word' id='word_1_340' title='bbox 1025 3374 1095 3428; x_wconf 93' lang='lat' dir='ltr'><strong>libro</strong></span> <span class='ocrx_word' id='word_1_341' title='bbox 1111 3378 1135 3430; x_wconf 84' lang='lat' dir='ltr'>V</span> <span class='ocrx_word' id='word_1_342' title='bbox 1152 3379 1185 3430; x_wconf 88' lang='lat' dir='ltr'><strong>de</strong></span> <span class='ocrx_word' id='word_1_343' title='bbox 1201 3378 1254 3433; x_wconf 81' lang='lat' dir='ltr'><strong>lin·-</strong></span> 
     </span>
     <span class='ocr_line' id='line_1_41' title="bbox 76 3433 1254 3510; baseline 0.004 -13"><span class='ocrx_word' id='word_1_344' title='bbox 76 3459 133 3510; x_wconf 78' lang='lat' dir='ltr'><strong>gua</strong></span> <span class='ocrx_word' id='word_1_345' title='bbox 174 3443 248 3498; x_wconf 90' lang='lat' dir='ltr'><strong>atina</strong></span> <span class='ocrx_word' id='word_1_346' title='bbox 271 3445 306 3496; x_wconf 94' lang='lat' dir='ltr'><strong>ad</strong></span> <span class='ocrx_word' id='word_1_347' title='bbox 322 3444 476 3495; x_wconf 89' lang='lat' dir='ltr'><strong>Marcellum</strong></span> <span class='ocrx_word' id='word_1_348' title='bbox 493 3440 572 3494; x_wconf 84' lang='lat' dir='ltr'><strong>affert</strong></span> <span class='ocrx_word' id='word_1_349' title='bbox 587 3440 725 3494; x_wconf 68' lang='lat' dir='ltr'><strong>Charisius</strong></span> <span class='ocrx_word' id='word_1_350' title='bbox 741 3441 776 3495; x_wconf 87' lang='lat' dir='ltr'><strong>ll.</strong></span> <span class='ocrx_word' id='word_1_351' title='bbox 792 3459 821 3510; x_wconf 89' lang='lat' dir='ltr'><strong>p.</strong></span> <span class='ocrx_word' id='word_1_352' title='bbox 839 3435 906 3495; x_wconf 78' lang='lat'><strong>215:</strong></span> <span class='ocrx_word' id='word_1_353' title='bbox 918 3433 994 3507; x_wconf 79' lang='lat' dir='ltr'><strong>&#39;&#39;qu</strong></span> <span class='ocrx_word' id='word_1_354' title='bbox 1010 3446 1075 3496; x_wconf 71' lang='lat' dir='ltr'><strong>nulli</strong></span> <span class='ocrx_word' id='word_1_355' title='bbox 1089 3448 1137 3498; x_wconf 81' lang='lat' dir='ltr'><strong>alii</strong></span> <span class='ocrx_word' id='word_1_356' title='bbox 1151 3460 1254 3502; x_wconf 71' lang='lat' dir='ltr'><strong>acrore</strong></span> 
     </span>
     <span class='ocr_line' id='line_1_42' title="bbox 77 3501 1253 3580; baseline 0.003 -16"><span class='ocrx_word' id='word_1_357' title='bbox 77 3515 208 3579; x_wconf 70' lang='lat' dir='ltr'><strong>maurit,</strong></span> <span class='ocrx_word' id='word_1_358' title='bbox 225 3528 300 3580; x_wconf 78' lang='lat' dir='ltr'><strong>quem</strong></span> <span class='ocrx_word' id='word_1_359' title='bbox 317 3513 428 3563; x_wconf 72' lang='lat' dir='ltr'><strong>diliculo</strong></span> <span class='ocrx_word' id='word_1_360' title='bbox 444 3518 469 3563; x_wconf 81' lang='lat' dir='ltr'><strong>ct</strong></span> <span class='ocrx_word' id='word_1_361' title='bbox 487 3510 619 3579; x_wconf 64' lang='lat' dir='ltr'><strong>Terntior</strong></span> <span class='ocrx_word' id='word_1_362' title='bbox 635 3501 714 3573; x_wconf 66' lang='lat' dir='ltr'><strong>nter,</strong></span> <span class='ocrx_word' id='word_1_363' title='bbox 729 3522 789 3562; x_wconf 75' lang='lat' dir='ltr'><strong>tero</strong></span> <span class='ocrx_word' id='word_1_364' title='bbox 806 3509 908 3562; x_wconf 66' lang='lat' dir='ltr'><strong>malea</strong></span> <span class='ocrx_word' id='word_1_365' title='bbox 923 3517 949 3562; x_wconf 80' lang='lat' dir='ltr'><strong>et</strong></span> <span class='ocrx_word' id='word_1_366' title='bbox 964 3512 1070 3564; x_wconf 68' lang='lat' dir='ltr'><strong>audior</strong></span> <span class='ocrx_word' id='word_1_367' title='bbox 1084 3520 1109 3565; x_wconf 82' lang='lat' dir='ltr'><strong>rt</strong></span> <span class='ocrx_word' id='word_1_368' title='bbox 1128 3516 1253 3568; x_wconf 74' lang='lat' dir='ltr'><strong>Goedtiraa</strong></span> 
     </span>
     <span class='ocr_line' id='line_1_43' title="bbox 77 3575 1251 3660; baseline 0.003 -28"><span class='ocrx_word' id='word_1_369' title='bbox 77 3580 157 3646; x_wconf 72' lang='lat' dir='ltr'><strong>[aule</strong></span> <span class='ocrx_word' id='word_1_370' title='bbox 177 3583 308 3634; x_wconf 70' lang='lat' dir='ltr'><strong>inmeiat.</strong></span> <span class='ocrx_word' id='word_1_371' title='bbox 342 3584 370 3632; x_wconf 90' lang='lat' dir='ltr'><strong>et</strong></span> <span class='ocrx_word' id='word_1_372' title='bbox 390 3577 461 3631; x_wconf 90' lang='lat' dir='ltr'><strong>idem</strong></span> <span class='ocrx_word' id='word_1_373' title='bbox 483 3577 513 3631; x_wconf 85' lang='lat' dir='ltr'><strong>in</strong></span> <span class='ocrx_word' id='word_1_374' title='bbox 532 3577 616 3630; x_wconf 85' lang='lat' dir='ltr'><strong>ratira</strong></span> <span class='ocrx_word' id='word_1_375' title='bbox 631 3577 774 3646; x_wconf 74' lang='lat' dir='ltr'><strong>Menippea</strong></span> <span class='ocrx_word' id='word_1_376' title='bbox 797 3590 866 3645; x_wconf 84' lang='lat' dir='ltr'><strong>quaa</strong></span> <span class='ocrx_word' id='word_1_377' title='bbox 886 3575 1014 3660; x_wconf 68' lang='lat' dir='ltr'><strong>incripta</strong></span> <span class='ocrx_word' id='word_1_378' title='bbox 1036 3579 1088 3634; x_wconf 80' lang='lat' dir='ltr'><strong>luit</strong></span> <span class='ocrx_word' id='word_1_379' title='bbox 1108 3581 1251 3651; x_wconf 83' lang='lat' dir='ltr'><strong>Parmeno,</strong></span> 
     </span>
     <span class='ocr_line' id='line_1_44' title="bbox 76 3647 1252 3786; baseline 0.009 -18"><span class='ocrx_word' id='word_1_380' title='bbox 76 3647 950 3780; x_wconf 49' lang='lat' dir='ltr'><strong>puapumppppmaeqeppcgpom</strong></span> <span class='ocrx_word' id='word_1_381' title='bbox 961 3649 1252 3786; x_wconf 51' lang='lat' dir='ltr'><strong>maluit?</strong></span> 
     </span>
     <span class='ocr_line' id='line_1_45' title="bbox 75 3779 1252 3854; baseline 0.003 -18"><span class='ocrx_word' id='word_1_382' title='bbox 75 3797 146 3854; x_wconf 83' lang='lat' dir='ltr'><strong>queo</strong></span> <span class='ocrx_word' id='word_1_383' title='bbox 163 3783 330 3836; x_wconf 76' lang='lat' dir='ltr'><strong>vehementer</strong></span> <span class='ocrx_word' id='word_1_384' title='bbox 345 3798 358 3835; x_wconf 79' lang='lat' dir='ltr'><strong>e</strong></span> <span class='ocrx_word' id='word_1_385' title='bbox 377 3781 521 3836; x_wconf 72' lang='lat' dir='ltr'><strong>rotantium</strong></span> <span class='ocrx_word' id='word_1_386' title='bbox 536 3780 640 3834; x_wconf 81' lang='lat' dir='ltr'><strong>animoa</strong></span> <span class='ocrx_word' id='word_1_387' title='bbox 655 3786 840 3851; x_wconf 66' lang='lat' dir='ltr'><strong>proruerent</strong></span> <span class='ocrx_word' id='word_1_388' title='bbox 856 3787 884 3836; x_wconf 82' lang='lat' dir='ltr'><strong>et</strong></span> <span class='ocrx_word' id='word_1_389' title='bbox 897 3779 1048 3848; x_wconf 75' lang='lat' dir='ltr'><strong>multarent,</strong></span> <span class='ocrx_word' id='word_1_390' title='bbox 1064 3800 1125 3837; x_wconf 88' lang='lat' dir='ltr'><strong>oum</strong></span> <span class='ocrx_word' id='word_1_391' title='bbox 1141 3785 1252 3840; x_wconf 82' lang='lat' dir='ltr'><strong>flumine</strong></span> 
     </span>
     <span class='ocr_line' id='line_1_46' title="bbox 75 3801 1251 3930; baseline 0.003 -25"><span class='ocrx_word' id='word_1_392' title='bbox 75 3851 293 3917; x_wconf 62' lang='lat' dir='ltr'><strong>unanimorum</strong></span> <span class='ocrx_word' id='word_1_393' title='bbox 314 3801 457 3904; x_wconf 51' lang='lat' dir='ltr'><strong>vargorum</strong></span> <span class='ocrx_word' id='word_1_394' title='bbox 477 3849 722 3918; x_wconf 78' lang='lat' dir='ltr'><strong>eontentianmque</strong></span> <span class='ocrx_word' id='word_1_395' title='bbox 744 3855 878 3930; x_wconf 72' lang='lat' dir='ltr'><strong>uberotpr,</strong></span> <span class='ocrx_word' id='word_1_396' title='bbox 900 3849 985 3905; x_wconf 83' lang='lat' dir='ltr'><strong>Varro</strong></span> <span class='ocrx_word' id='word_1_397' title='bbox 1006 3847 1085 3916; x_wconf 68' lang='lat' dir='ltr'><strong>nto»,</strong></span> <span class='ocrx_word' id='word_1_398' title='bbox 1102 3852 1170 3907; x_wconf 82' lang='lat' dir='ltr'><strong>dixit</strong></span> <span class='ocrx_word' id='word_1_399' title='bbox 1185 3869 1251 3909; x_wconf 88' lang='lat' dir='ltr'><strong>con-</strong></span> 
     </span>
     <span class='ocr_line' id='line_1_47' title="bbox 76 3917 1251 3990; baseline 0.003 -19"><span class='ocrx_word' id='word_1_400' title='bbox 76 3919 182 3986; x_wconf 80' lang='lat' dir='ltr'><strong>venire,</strong></span> <span class='ocrx_word' id='word_1_401' title='bbox 205 3919 362 3985; x_wconf 81' lang='lat' dir='ltr'><strong>gravitatem</strong></span> <span class='ocrx_word' id='word_1_402' title='bbox 378 3917 520 3971; x_wconf 72' lang='lat' dir='ltr'><strong>Horatius:</strong></span> <span class='ocrx_word' id='word_1_403' title='bbox 555 3917 597 3970; x_wconf 86' lang='lat' dir='ltr'><strong>uti</strong></span> <span class='ocrx_word' id='word_1_404' title='bbox 613 3919 742 3971; x_wconf 81' lang='lat' dir='ltr'><strong>Terentio</strong></span> <span class='ocrx_word' id='word_1_405' title='bbox 759 3917 805 3970; x_wconf 89' lang='lat' dir='ltr'><strong>ille</strong></span> <span class='ocrx_word' id='word_1_406' title='bbox 826 3921 901 3984; x_wconf 69' lang='lat' dir='ltr'><strong>udor,</strong></span> <span class='ocrx_word' id='word_1_407' title='bbox 926 3918 965 3972; x_wconf 86' lang='lat' dir='ltr'><strong>ita</strong></span> <span class='ocrx_word' id='word_1_408' title='bbox 986 3917 1030 3971; x_wconf 87' lang='lat' dir='ltr'><strong>bic</strong></span> <span class='ocrx_word' id='word_1_409' title='bbox 1046 3926 1130 3974; x_wconf 86' lang='lat' dir='ltr'><strong>artem</strong></span> <span class='ocrx_word' id='word_1_410' title='bbox 1147 3921 1251 3990; x_wconf 85' lang='lat' dir='ltr'><strong>tribuit,</strong></span> 
     </span>
    </p>
   </div>
   <div class='ocr_carea' id='block_1_5' title="bbox 83 2693 987 2767">
    <p class='ocr_par' dir='ltr' id='par_1_14' title="bbox 83 2693 987 2767">
     <span class='ocr_line' id='line_1_48' title="bbox 83 2693 987 2767; baseline 0.001 -18"><span class='ocrx_word' id='word_1_411' title='bbox 83 2697 292 2767; x_wconf 79' lang='lat' dir='ltr'><strong>componebant,</strong></span> <span class='ocrx_word' id='word_1_412' title='bbox 308 2695 366 2748; x_wconf 79' lang='lat' dir='ltr'><strong>eiua</strong></span> <span class='ocrx_word' id='word_1_413' title='bbox 383 2693 488 2747; x_wconf 72' lang='lat' dir='ltr'><strong>iudicii·</strong></span> <span class='ocrx_word' id='word_1_414' title='bbox 503 2693 547 2746; x_wconf 86' lang='lat' dir='ltr'><strong>uei</strong></span> <span class='ocrx_word' id='word_1_415' title='bbox 562 2693 754 2763; x_wconf 74' lang='lat' dir='ltr'><strong>impugnabant</strong></span> <span class='ocrx_word' id='word_1_416' title='bbox 769 2694 841 2747; x_wconf 73' lang='lat' dir='ltr'><strong>illm</strong></span> <span class='ocrx_word' id='word_1_417' title='bbox 857 2696 987 2750; x_wconf 85' lang='lat' dir='ltr'><strong>rationem</strong></span> 
     </span>
    </p>
   </div>
   <div class='ocr_carea' id='block_1_6' title="bbox 75 3978 1356 4397">
    <p class='ocr_par' dir='ltr' id='par_1_15' title="bbox 75 3978 1356 4397">
     <span class='ocr_line' id='line_1_49' title="bbox 75 3978 1356 4108; baseline 0.002 -68"><span class='ocrx_word' id='word_1_418' title='bbox 75 3987 203 4108; x_wconf 62' lang='lat' dir='ltr'><strong>qqonim</strong></span> <span class='ocrx_word' id='word_1_419' title='bbox 214 3987 330 4040; x_wconf 73' lang='lat' dir='ltr'><strong>euautm</strong></span> <span class='ocrx_word' id='word_1_420' title='bbox 340 3992 369 4040; x_wconf 90' lang='lat' dir='ltr'><strong>et</strong></span> <span class='ocrx_word' id='word_1_421' title='bbox 377 3985 520 4040; x_wconf 86' lang='lat' dir='ltr'><strong>artificioae</strong></span> <span class='ocrx_word' id='word_1_422' title='bbox 535 3998 623 4039; x_wconf 86' lang='lat' dir='ltr'><strong>morea</strong></span> <span class='ocrx_word' id='word_1_423' title='bbox 639 3982 776 4039; x_wconf 88' lang='lat' dir='ltr'><strong>hominum</strong></span> <span class='ocrx_word' id='word_1_424' title='bbox 784 3983 906 4055; x_wconf 77' lang='lat' dir='ltr'><strong>uitaeque</strong></span> <span class='ocrx_word' id='word_1_425' title='bbox 921 3987 1091 4066; x_wconf 84' lang='lat' dir='ltr'><strong>quotidianae</strong></span> <span class='ocrx_word' id='word_1_426' title='bbox 1107 3995 1251 4043; x_wconf 76' lang='lat' dir='ltr'><strong>eonsuetu-</strong></span> <span class='ocrx_word' id='word_1_427' title='bbox 1349 3978 1356 3990; x_wconf 70' lang='grc'>’</span> 
     </span>
     <span class='ocr_line' id='line_1_50' title="bbox 94 4054 1249 4123; baseline 0.003 -15"><span class='ocrx_word' id='word_1_428' title='bbox 94 4054 165 4108; x_wconf 82' lang='lat' dir='ltr'><strong>‘err</strong></span> <span class='ocrx_word' id='word_1_429' title='bbox 198 4055 358 4108; x_wconf 85' lang='lat' dir='ltr'><strong>deacriberet</strong></span> <span class='ocrx_word' id='word_1_430' title='bbox 388 4068 499 4122; x_wconf 87' lang='lat' dir='ltr'><strong>eamque</strong></span> <span class='ocrx_word' id='word_1_431' title='bbox 527 4054 654 4108; x_wconf 85' lang='lat' dir='ltr'><strong>comitate</strong></span> <span class='ocrx_word' id='word_1_432' title='bbox 684 4054 826 4107; x_wconf 79' lang='lat' dir='ltr'><strong>verborum</strong></span> <span class='ocrx_word' id='word_1_433' title='bbox 854 4059 1097 4123; x_wconf 85' lang='lat' dir='ltr'><strong>renbentrarumque</strong></span> <span class='ocrx_word' id='word_1_434' title='bbox 1123 4057 1249 4112; x_wconf 74' lang='lat' dir='ltr'><strong>faudtate</strong></span> 
     </span>
     <span class='ocr_line' id='line_1_51' title="bbox 75 4122 1250 4195; baseline 0.003 -19"><span class='ocrx_word' id='word_1_435' title='bbox 75 4128 226 4176; x_wconf 82' lang='lat' dir='ltr'><strong>exornaret.</strong></span> <span class='ocrx_word' id='word_1_436' title='bbox 259 4122 395 4188; x_wconf 82' lang='lat' dir='ltr'><strong>Singulari</strong></span> <span class='ocrx_word' id='word_1_437' title='bbox 422 4128 511 4174; x_wconf 85' lang='lat' dir='ltr'><strong>autern</strong></span> <span class='ocrx_word' id='word_1_438' title='bbox 533 4138 598 4175; x_wconf 88' lang='lat' dir='ltr'><strong>cura</strong></span> <span class='ocrx_word' id='word_1_439' title='bbox 619 4122 704 4178; x_wconf 83' lang='lat' dir='ltr'><strong>Varro</strong></span> <span class='ocrx_word' id='word_1_440' title='bbox 726 4122 863 4175; x_wconf 81' lang='lat' dir='ltr'><strong>Plautinae</strong></span> <span class='ocrx_word' id='word_1_441' title='bbox 888 4122 990 4176; x_wconf 78' lang='lat' dir='ltr'><strong>tabulas</strong></span> <span class='ocrx_word' id='word_1_442' title='bbox 1012 4123 1064 4177; x_wconf 86' lang='lat' dir='ltr'><strong>suit</strong></span> <span class='ocrx_word' id='word_1_443' title='bbox 1086 4128 1250 4195; x_wconf 74' lang='lat' dir='ltr'><strong>complexus,</strong></span> 
     </span>
     <span class='ocr_line' id='line_1_52' title="bbox 75 4189 1248 4324; baseline 0.004 -15"><span class='ocrx_word' id='word_1_444' title='bbox 75 4190 183 4312; x_wconf 75' lang='lat' dir='ltr'><strong>rur</strong></span> <span class='ocrx_word' id='word_1_445' title='bbox 200 4189 1248 4324; x_wconf 63' lang='lat' dir='ltr'><strong>mur</strong></span> 
     </span>
     <span class='ocr_line' id='line_1_53' title="bbox 77 4272 1334 4397; baseline 0.002 -20"><span class='ocrx_word' id='word_1_446' title='bbox 77 4297 172 4380; x_wconf 69' lang='lat' dir='ltr'><strong>auteur’</strong></span> <span class='ocrx_word' id='word_1_447' title='bbox 192 4272 308 4380; x_wconf 60' lang='lat' dir='ltr'><strong>marrire</strong></span> <span class='ocrx_word' id='word_1_448' title='bbox 331 4328 472 4395; x_wconf 88' lang='lat' dir='ltr'><strong>probatum</strong></span> <span class='ocrx_word' id='word_1_449' title='bbox 496 4340 556 4380; x_wconf 83' lang='lat' dir='ltr'><strong>erae</strong></span> <span class='ocrx_word' id='word_1_450' title='bbox 576 4326 729 4380; x_wconf 82' lang='lat' dir='ltr'><strong>Plautinum</strong></span> <span class='ocrx_word' id='word_1_451' title='bbox 752 4341 900 4381; x_wconf 64' lang='lat' dir='ltr'><strong>”roronem</strong></span> <span class='ocrx_word' id='word_1_452' title='bbox 922 4333 1033 4397; x_wconf 89' lang='lat' dir='ltr'><strong>apparet</strong></span> <span class='ocrx_word' id='word_1_453' title='bbox 1053 4299 1156 4381; x_wconf 52' lang='lat' dir='ltr'><strong>ex⁹illo</strong></span> <span class='ocrx_word' id='word_1_454' title='bbox 1177 4331 1246 4393; x_wconf 89' lang='lat' dir='ltr'><strong>loco,</strong></span> <span class='ocrx_word' id='word_1_455' title='bbox 1333 4359 1334 4362; x_wconf 60' lang='lat'><em>=</em></span> 
     </span>
    </p>
   </div>
   <div class='ocr_carea' id='block_1_7' title="bbox 874 4411 941 4476">
    <p class='ocr_par' dir='ltr' id='par_1_16' title="bbox 874 4411 941 4476">
     <span class='ocr_line' id='line_1_54' title="bbox 874 4411 941 4476; baseline 0.015 -1"><span class='ocrx_word' id='word_1_456' title='bbox 874 4411 941 4476; x_wconf 81' lang='lat' dir='ltr'><strong>lc·</strong></span> 
     </span>
    </p>
   </div>
   <div class='ocr_carea' id='block_1_8' title="bbox 0 0 1384 4792">
    <p class='ocr_par' dir='ltr' id='par_1_17' title="bbox 0 0 1384 4792">
     <span class='ocr_line' id='line_1_55' title="bbox 0 0 1384 4792; baseline 0 5"><span class='ocrx_word' id='word_1_457' title='bbox 0 0 1384 4792; x_wconf 95' lang='lat' dir='ltr'><strong> </strong></span> 
     </span>
    </p>
   </div>
  </div>
 </body>
</html>
