2760 4792
247 170 249 174 '
307 221 366 287 nu
387 222 529 298 asaro
551 223 738 292 corrono.
759 226 865 294 aru.
886 229 1030 305 inmo.
1184 235 1248 301 om

84 390 162 455 enim
184 389 274 453 animi
295 410 355 454 non
376 391 512 477 angustis
532 393 646 480 patriae
668 393 801 458 terminis
812 403 899 458 erant
915 398 1064 479 coarctati,
1084 401 1137 467 sed
1161 401 1246 466 latins

84 474 287 561 evagabantur
308 481 393 559 atque
419 476 517 539 omnia
537 477 624 540 simul
651 486 748 541 mente
769 487 799 543 et
819 480 934 544 ratione
955 484 1247 570 comprehendebant

84 556 167 631 Quae
187 559 302 642 quidem
329 559 421 623 seculi
447 561 528 625 illius
556 562 654 625 studia
674 561 842 628 Alexandri
869 574 899 628 et
925 567 1066 652 magister
1087 576 1117 632 et
1137 568 1246 634 amicum

83 642 261 707 Aristoteles
289 664 316 706 m
359 664 468 732 nopere
502 648 586 709 auxit
612 654 641 710 et
667 647 863 712 confirmavit:
896 648 965 712 hinc
998 651 1179 738 potissimum
1213 654 1234 717 ii

83 727 131 811 qni
153 728 190 790 ab
205 665 378 791 Aristotblis
401 728 557 816 disciplina
577 743 678 811 erant,
700 731 831 795 studiose
852 733 994 815 instituta,
1015 734 1117 822 leges,
1139 702 1247 816 mores:

82 811 263 898 religiones,
297 813 372 876 ritus
410 824 467 876 tam
506 821 625 878 exteros
657 835 742 898 quam
774 815 949 880 domesticos
978 821 1247 905 perscrutabantur,
1326 845 1332 854 ⁸

82 915 144 959 com
165 896 308 977 onebant,
328 896 517 961 illustrabant
537 906 567 962 et
586 899 640 962 sub
662 898 799 963 iudicium
821 901 973 965 vocabant.
994 901 1057 966 Sed
1072 903 1247 970 Alexander

82 987 111 1043 et
180 980 311 1044 'stoteles
333 989 468 1066 quantam
490 983 550 1046 vim
570 992 602 1046 et
621 983 652 1046 in
681 982 819 1066 aequales
846 992 876 1048 et
896 985 929 1048 in
949 994 1084 1073 posteros
1105 1010 1247 1054 exserue-

80 1064 141 1163 rint
163 1064 324 1157 accuratius
346 1065 509 1214 explanare
529 1087 589 1131 non
610 1067 750 1155 permittit
774 1068 1019 1168 instituti-operis
1046 1072 1131 1169 ratio.
1171 1072 1246 1138 llluc

80 1156 364 1316 tdhttltlds,
408 1159 657 1321 ttlmttttt
671 1151 966 1321 llhdlttltt
984 1155 1134 1328 ίῖλλξῖ
1153 1156 1247 1327 tlh

76 1312 280 1399 Ἡρόδικος
306 1317 339 1382 δ’
362 1321 394 1383 έν
418 1329 483 1396 τοῖς
504 1320 772 1405 κωμῳδουμένοις·
834 1323 892 1387 uod
925 1344 1033 1387 nomen
1065 1346 1101 1389 eo
1128 1326 1245 1391 facilius

79 1403 174 1490 potuit
194 1424 386 1486 evanescere,
417 1426 473 1490 quo
499 1408 619 1494 propius
648 1405 732 1470 abest
759 1406 795 1469 ab
816 1342 995 1488 llarmodio,
1023 1409 1107 1474 cuins
1132 1411 1243 1476 scolion

98 1488 213 1551 roximo
244 1509 332 1552 versu
368 1496 644 1553 commemoraverat
678 1489 904 1577 Aristophanes.
952 1491 1118 1558 Herodicos
1152 1495 1246 1582 igitur

79 1507 236 1636 brateteus
263 1574 422 1661 scripserat
454 1569 696 1656 κωμῳδούμενα,
727 1574 898 1639 documento
926 1584 973 1640 est
1001 1575 1176 1644 Athenaeus
1203 1580 1244 1645 L.

78 1653 162 1720 Xlll.
183 1679 212 1745 p.
233 1655 298 1724 586
320 1657 364 1720 Α;
394 1659 473 1737 Περί
500 1660 556 1736 μέν
583 1662 638 1738 τῆς
664 1656 806 1738 Σινώπης
827 1655 988 1739 Ἡρόδικος
1016 1657 1032 1722 ὁ
1055 1661 1244 1745 Κρατήτειος

78 1740 111 1802 έν
131 1741 208 1826 έκτῳ
236 1740 486 1824 κωμῳδουμένων
513 1743 608 1822 φησὶν
637 1737 684 1802 ὅτι
698 1737 846 1820 ’Ἄβυδος
872 1744 986 1825 ἐλέγετο
992 1789 1002 1819 ,
1034 1755 1063 1807 et
1090 1769 1194 1812 rursus
1215 1771 1243 1837 p.

77 1825 138 1891 691
156 1824 196 1891 C:
213 1821 378 1907 Ἡρόδικος
393 1825 411 1885 δ
416 1822 425 1846 ’
440 1825 472 1886 ἓν
484 1823 560 1908 ἕκτῳ
574 1824 837 1908 Κωμῳδουμένων
849 1825 906 1906 τὴν
925 1827 981 1903 μέν
995 1827 1079 1906 παρὰ
1101 1829 1244 1913 ῥήτοροίν

79 1933 173 1994 φησιν
195 1907 420 1988 ὀνομαζομένην
442 1907 564 1989 Σηστὸν
584 1912 757 1972 καλεῖσθαι.
791 1957 792 1961 1

163 2008 283 2073 Admeti
314 2016 408 2073 autem
437 2008 558 2073 stolium
584 2007 675 2093 illud,
709 2007 785 2094 qood
812 2006 953 2074 Cratinus
984 2018 1142 2093 memorat,
1169 2013 1243 2077 satis

78 2094 133 2158 luit
155 2092 346 2158 celebratum:
1157 2165 1159 2168 ,

157 2175 311 2261 Ἀδμήτου
331 2173 422 2260 λόγον
442 2170 467 2239 oi
491 2174 587 2260 ’ταῖρε
608 2174 723 2256 μαθὼν
743 2175 815 2250 τοὺς
836 2173 976 2258 ἀγαθοδς
997 2177 1085 2262 φίλει,

164 2267 237 2324 Τιῖιν
258 2265 364 2325 δειλῶν
385 2260 416 2324 δ’
441 2259 571 2342 ἀπέχου,
591 2259 681 2344 γνοδς
703 2257 748 2324 ὅτι
771 2261 880 2334 δειλοῖς
901 2259 988 2344 ὀλίγα
1006 2259 1107 2347 χάρις.

80 2346 136 2411 vid.
159 2347 331 2411 Athenaeus
352 2345 420 2414 XV.
440 2367 469 2445 p.
485 2346 549 2411 694
561 2346 601 2426 A,
624 2344 797 2409 Eustatbius
819 2345 856 2409 ad
877 2345 1001 2410 Iliadem
1021 2368 1050 2434 p.
1067 2349 1143 2430 366,
1165 2350 1242 2414 nnde

80 2437 199 2519 apparet
229 2432 321 2496 verba
347 2429 534 2494 Scholiastao
553 2429 763 2519 Aristophanis
782 2428 874 2537 Vesp.
895 2452 924 2494 v.
947 2431 1045 2496 toto:
1081 2437 1185 2497 Τοῦτο
1214 2435 1240 2496 οἱ

78 2517 132 2592 μέν
146 2514 298 2591 Ἀλκαίου,
321 2515 350 2578 oi
372 2515 405 2578 dd
425 2517 592 2598 Σαπφοῦς·
615 2512 672 2577 οὐκ
692 2512 755 2576 ἔστι
778 2512 821 2588 δέ,
843 2511 908 2576 αλλ’
932 2514 964 2578 έν
984 2524 1049 2590 τοῖς
1064 2519 1242 2601 Πραξίλλης

80 2599 201 2684 φέρεται
223 2600 391 2681 παροινίοις
416 2599 493 2663 male
512 2598 582 2662 illuc
604 2620 671 2663 osse
691 2598 806 2680 relata,
834 2619 897 2661 cum
919 2598 956 2663 ad
978 2599 1034 2664 boc
1060 2601 1155 2688 ipsum
1177 2623 1242 2666 sco·

78 2682 146 2748 bum
188 2686 349 2748 ertineant:
372 2704 467 2768 neque
488 2690 557 2748 sunt
577 2684 695 2747 omniuo
716 2682 769 2746 illa
788 2682 894 2746 verba:

165 2706 231 2832 dtu
252 2769 333 2832 ibren
358 2766 558 2845 ἀλωπεκίζειν,

164 2852 244 2917 Οὐδ’
267 2851 468 2938 ἀμφοτέροισι
489 2854 644 2936 γίγνεσθαι
667 2851 766 2934 φίλον.

79 2957 116 3001 ex
138 2938 229 3003 scolio
250 2938 346 3024 aliquo
368 2938 473 3027 petita,
494 2937 548 3002 sed
570 2937 606 3000 ab
627 2934 829 3023 Aristophane
850 2934 934 3014 ficta,
965 2940 997 2998 ut
1017 2933 1134 3000 Theori
1153 2938 1240 3001 istius

95 3044 197 3086 ravum
229 3023 381 3111 ingenium
414 3028 538 3086 notaret
579 3020 706 3088 Videtur
725 3022 833 3088 ,annm
870 3038 944 3082 sane
979 3018 1036 3082 hoc
1068 3020 1190 3085 seolinm
1222 3042 1242 3085 a

77 3041 212 3171 l’raxilla
233 3109 421 3196 compositum
443 3127 521 3188 esse,
542 3125 667 3190 namque
688 3104 774 3168 etiam
796 3101 865 3183 alia,
887 3122 961 3186 quae
983 3102 1019 3166 ad
1040 3103 1128 3168 buius
1149 3121 1239 3192 argu·

77 3199 202 3256 mentum
224 3200 254 3256 et
273 3192 397 3256 sormam
417 3191 551 3280 proxime
573 3188 723 3270 accedunt,
742 3187 811 3251 hnic
831 3186 1009 3267 tribuuntur,
1030 3193 1062 3250 ut
1081 3186 1240 3274 illodqnod

37 3360 40 3367 Ι
79 3284 123 3342 est
144 3276 221 3384 apud
242 3277 427 3347 Athenaeum
447 3274 515 3343 XV.
536 3297 565 3364 p.
586 3276 663 3339 695:

169 3359 233 3424 Υπδ
254 3363 344 3425 παντλ
365 3362 446 3446 λίθῳ
468 3349 677 3444 σκόρπιος;·ὦ
696 3351 805 3441 ’ταῖρ’,
825 3348 1010 3419 baudriacae·

162 3441 282 3531 Φρόζευ
302 3442 347 3528 μή
365 3469 399 3509 σε
418 3441 518 3530 βάλῃ·
538 3449 583 3531 τῷ
605 3442 636 3507 d’
651 3441 768 3528 ἄφανεῒ
783 3444 845 3515 πᾶς
865 3439 968 3504 ἕπεται
988 3431 1089 3514 δόλος.

77 3546 111 3613 de
137 3567 195 3658 φοο
216 3545 384 3611 Scholiasta
403 3542 614 3633 Aristophanis
636 3530 855 3630 Thesmophor.
875 3560 905 3604 v.
925 3532 1005 3625 528:
1030 3534 1090 3631 {Es
1110 3541 1174 3603 τῶν
1198 3541 1260 3614 εἰς.
1308 3570 1312 3577 <

76 3632 255 3717 Πραξιλλαν
280 3628 530 3716 ἀναφερομένων·
568 3625 649 3693 ‘Yazd
669 3629 760 3692 παντί
785 3626 866 3712 λίθῳ
894 3623 1054 3708 σκορπίον,
1082 3613 1121 3688 δι’
1143 3631 1239 3708 ταῖρε,

120 3716 242 3783 laicum.
272 3715 348 3802 quod
374 3714 436 3778 noli
468 3714 617 3779 diversum
644 3713 680 3776 ab
707 3712 763 3776 hoc
794 3711 976 3777 existimare.
1017 3707 1060 3773 Et
1084 3708 1240 3774 Praxillae

77 3740 203 3868 hvrtasse
224 3806 270 3866 est
291 3800 369 3865 aliud
391 3799 570 3864 simillimum
592 3796 714 3862 scolium
736 3795 812 3884 apud
831 3795 1020 3861 Athenaeum
1041 3791 1164 3859 ibidem:

150 3900 257 3978 Ὅστις
277 3899 375 3986 ἄνδρα
398 3899 488 3986 φίλον
506 3896 552 3980 μὴ
574 3897 768 3983 προδίδωσιν,
788 3891 923 4045 μῳῳόλην
943 3893 1002 3977 ἔχει

160 3985 264 4068 Τιμδν
284 3984 316 4051 έν
335 4009 367 4050 τε
387 3991 512 4069 βροτοῖς
533 3982 564 4047 έν
584 4007 616 4046 τε
633 3987 751 4047 θεοῖσιν
772 4005 821 4075 κα,
861 3979 935 4061 ἐμὸν
954 3977 1036 4043 νόον.

78 4087 115 4165 Et
133 4091 261 4155 sortasse
283 4088 342 4153 alia
361 4087 449 4176 paulo
471 4084 628 4157 lasciviora
647 4080 773 4164 ibidem,
794 4081 838 4146 uti
857 4079 946 4174 illud:

158 4188 267 4271 Πόρνη
288 4190 339 4251 καλ
365 4185 521 4266 βαλανεὺςΙ
537 4179 786 4266 τωότδνέχουοῖ,
800 4180 954 4265 Αἐμπεδέως
975 4177 1065 4254 ἕδος*

155 4275 205 4338 Ἐν
225 4273 324 4360 ταύτᾷ
346 4273 446 4358 πυέλῳ
468 4267 522 4336 τόν
538 4268 573 4349 τ’
597 4268 719 4354 ἀγαθὸν
739 4264 792 4333 τόν
811 4289 844 4331 τε
865 4264 960 4329 κακὸν
977 4260 1050 4330 λόει.

967 4364 1034 4428 15·
