<?xml version="1.0" encoding="UTF-8"?>
<!DOCTYPE html PUBLIC "-//W3C//DTD XHTML 1.0 Transitional//EN"
    "http://www.w3.org/TR/xhtml1/DTD/xhtml1-transitional.dtd">
<html xmlns="http://www.w3.org/1999/xhtml" xml:lang="en" lang="en">
 <head>
  <title>
</title>
<meta http-equiv="Content-Type" content="text/html;charset=utf-8" />
  <meta name='ocr-system' content='tesseract 3.04.00' />
  <meta name='ocr-capabilities' content='ocr_page ocr_carea ocr_par ocr_line ocrx_word'/>
</head>
<body>
  <div class='ocr_page' id='page_1' title='image "./commentationumd00berggoog_0278.png"; bbox 0 0 2760 4792; ppageno 0'>
   <div class='ocr_carea' id='block_1_1' title="bbox 105 219 885 294">
    <p class='ocr_par' dir='ltr' id='par_1_1' title="bbox 105 219 885 294">
     <span class='ocr_line' id='line_1_1' title="bbox 105 219 885 294; baseline -0.01 0"><span class='ocrx_word' id='word_1_1' title='bbox 105 227 170 294; x_wconf 72' lang='lat' dir='ltr'>aad</span> <span class='ocrx_word' id='word_1_2' title='bbox 484 219 885 291; x_wconf 75' lang='lat' dir='ltr'><strong>COMMENTATIONES</strong></span> 
     </span>
    </p>
   </div>
   <div class='ocr_carea' id='block_1_2' title="bbox 102 388 1268 925">
    <p class='ocr_par' dir='ltr' id='par_1_2' title="bbox 185 388 804 479">
     <span class='ocr_line' id='line_1_2' title="bbox 185 388 804 479; baseline -0.011 -21"><span class='ocrx_word' id='word_1_3' title='bbox 185 388 429 479; x_wconf 77' lang='grc' dir='ltr'><strong><em>Ἀμανάφρονες,</em></strong></span> <span class='ocrx_word' id='word_1_4' title='bbox 455 388 594 477; x_wconf 72' lang='grc' dir='ltr'><strong><em>ἧδυλόμῳ</em></strong></span> <span class='ocrx_word' id='word_1_5' title='bbox 621 392 727 479; x_wconf 77' lang='grc' dir='ltr'><strong><em>σοφίρ,</em></strong></span> <span class='ocrx_word' id='word_1_6' title='bbox 802 435 804 439; x_wconf 22' lang='lat' dir='ltr'>r</span> 
     </span>
    </p>

    <p class='ocr_par' dir='ltr' id='par_1_3' title="bbox 102 481 1268 925">
     <span class='ocr_line' id='line_1_3' title="bbox 189 481 592 561; baseline -0.007 -19"><span class='ocrx_word' id='word_1_7' title='bbox 189 483 317 561; x_wconf 87' lang='grc' dir='ltr'><strong><em>Βροτῶν</em></strong></span> <span class='ocrx_word' id='word_1_8' title='bbox 338 481 592 559; x_wconf 78' lang='grc' dir='ltr'><strong><em>πιρισσοκαλλιΐς.</em></strong></span> 
     </span>
     <span class='ocr_line' id='line_1_4' title="bbox 105 559 1267 648; baseline -0.004 -18"><span class='ocrx_word' id='word_1_9' title='bbox 105 565 151 631; x_wconf 86' lang='lat' dir='ltr'>Ita</span> <span class='ocrx_word' id='word_1_10' title='bbox 170 562 332 629; x_wconf 88' lang='lat' dir='ltr'>Bekkerus</span> <span class='ocrx_word' id='word_1_11' title='bbox 360 563 464 644; x_wconf 77' lang='lat' dir='ltr'>edidit,</span> <span class='ocrx_word' id='word_1_12' title='bbox 492 562 544 626; x_wconf 87' lang='lat' dir='ltr'>sed</span> <span class='ocrx_word' id='word_1_13' title='bbox 573 560 667 624; x_wconf 82' lang='lat' dir='ltr'>codex</span> <span class='ocrx_word' id='word_1_14' title='bbox 692 580 745 648; x_wconf 87' lang='lat' dir='ltr'>pro</span> <span class='ocrx_word' id='word_1_15' title='bbox 766 562 834 638; x_wconf 85' lang='grc' dir='ltr'><strong><em>βίος</em></strong></span> <span class='ocrx_word' id='word_1_16' title='bbox 854 560 975 647; x_wconf 86' lang='lat' dir='ltr'>praebet</span> <span class='ocrx_word' id='word_1_17' title='bbox 994 559 1107 643; x_wconf 78' lang='grc' dir='ltr'><strong><em>βροτὸς</em></strong></span> <span class='ocrx_word' id='word_1_18' title='bbox 1128 566 1159 626; x_wconf 82' lang='lat' dir='ltr'>ot</span> <span class='ocrx_word' id='word_1_19' title='bbox 1179 584 1267 645; x_wconf 84' lang='grc' dir='ltr'><strong><em>περι-</em></strong></span> 
     </span>
     <span class='ocr_line' id='line_1_5' title="bbox 107 644 1267 736; baseline 0 -23"><span class='ocrx_word' id='word_1_20' title='bbox 107 654 256 723; x_wconf 82' lang='grc' dir='ltr'><strong><em>σσκαλεῖς.</em></strong></span> <span class='ocrx_word' id='word_1_21' title='bbox 299 646 416 711; x_wconf 85' lang='lat' dir='ltr'>Deinde</span> <span class='ocrx_word' id='word_1_22' title='bbox 442 646 607 736; x_wconf 88' lang='lat' dir='ltr'>posteriora</span> <span class='ocrx_word' id='word_1_23' title='bbox 627 645 732 709; x_wconf 92' lang='lat' dir='ltr'>iterum</span> <span class='ocrx_word' id='word_1_24' title='bbox 760 645 880 710; x_wconf 86' lang='lat' dir='ltr'>exhibet</span> <span class='ocrx_word' id='word_1_25' title='bbox 905 644 999 709; x_wconf 84' lang='lat' dir='ltr'>codex</span> <span class='ocrx_word' id='word_1_26' title='bbox 1025 644 1122 711; x_wconf 88' lang='lat' dir='ltr'>alieno</span> <span class='ocrx_word' id='word_1_27' title='bbox 1148 646 1214 711; x_wconf 83' lang='lat' dir='ltr'>Ioco</span> <span class='ocrx_word' id='word_1_28' title='bbox 1257 694 1267 713; x_wconf 90' lang='lat'><strong><em>.</em></strong></span> 
     </span>
     <span class='ocr_line' id='line_1_6' title="bbox 104 668 1255 817; baseline -0.002 -19"><span class='ocrx_word' id='word_1_29' title='bbox 104 734 179 814; x_wconf 72' lang='grc'><strong><em>329,</em></strong></span> <span class='ocrx_word' id='word_1_30' title='bbox 200 736 234 799; x_wconf 80' lang='lat'>5:</span> <span class='ocrx_word' id='word_1_31' title='bbox 253 729 503 815; x_wconf 62' lang='lat' dir='ltr'>&#39;Aynvhdgerhoc</span> <span class='ocrx_word' id='word_1_32' title='bbox 525 727 738 810; x_wconf 75' lang='grc' dir='ltr'><strong><em>σκολιόχιιλος·</em></strong></span> <span class='ocrx_word' id='word_1_33' title='bbox 757 728 988 815; x_wconf 76' lang='grc' dir='ltr'><strong><em>Ἀγανάφροντς</em></strong></span> <span class='ocrx_word' id='word_1_34' title='bbox 1007 726 1147 817; x_wconf 75' lang='grc' dir='ltr'><strong><em>ἡδολάγῳ</em></strong></span> <span class='ocrx_word' id='word_1_35' title='bbox 1168 668 1255 817; x_wconf 79' lang='grc' dir='ltr'>σοφοίΙ</span> 
     </span>
     <span class='ocr_line' id='line_1_7' title="bbox 102 756 1268 925; baseline 0 -44"><span class='ocrx_word' id='word_1_36' title='bbox 102 824 231 902; x_wconf 87' lang='grc' dir='ltr'><strong><em>βρωτων</em></strong></span> <span class='ocrx_word' id='word_1_37' title='bbox 252 815 336 901; x_wconf 78' lang='grc' dir='ltr'><strong><em>παρὰ</em></strong></span> <span class='ocrx_word' id='word_1_38' title='bbox 358 816 421 900; x_wconf 90' lang='lat' dir='ltr'>(vel</span> <span class='ocrx_word' id='word_1_39' title='bbox 441 818 521 899; x_wconf 76' lang='grc' dir='ltr'><strong><em>περὶ)</em></strong></span> <span class='ocrx_word' id='word_1_40' title='bbox 543 839 577 878; x_wconf 82' lang='grc' dir='ltr'>σε</span> <span class='ocrx_word' id='word_1_41' title='bbox 598 820 705 889; x_wconf 78' lang='grc' dir='ltr'><strong><em>καλεῖς.</em></strong></span> <span class='ocrx_word' id='word_1_42' title='bbox 737 814 779 878; x_wconf 89' lang='lat' dir='ltr'>ita</span> <span class='ocrx_word' id='word_1_43' title='bbox 799 813 959 880; x_wconf 87' lang='lat' dir='ltr'>Bekkerus</span> <span class='ocrx_word' id='word_1_44' title='bbox 981 814 1022 880; x_wconf 90' lang='grc' dir='ltr'>Τ.</span> <span class='ocrx_word' id='word_1_45' title='bbox 1043 814 1097 880; x_wconf 90' lang='lat'>111.</span> <span class='ocrx_word' id='word_1_46' title='bbox 1118 839 1147 925; x_wconf 81' lang='lat' dir='ltr'>p.</span> <span class='ocrx_word' id='word_1_47' title='bbox 1170 756 1268 901; x_wconf 60' lang='lat' dir='ltr'>itud:</span> 
     </span>
    </p>
   </div>
   <div class='ocr_carea' id='block_1_3' title="bbox 100 896 1294 4373">
    <p class='ocr_par' dir='ltr' id='par_1_4' title="bbox 104 896 1266 989">
     <span class='ocr_line' id='line_1_8' title="bbox 104 896 1266 989; baseline -0.003 -23"><span class='ocrx_word' id='word_1_48' title='bbox 104 902 311 966; x_wconf 87' lang='lat' dir='ltr'>Bacbmauuus</span> <span class='ocrx_word' id='word_1_49' title='bbox 331 904 362 966; x_wconf 89' lang='lat' dir='ltr'>iu</span> <span class='ocrx_word' id='word_1_50' title='bbox 385 901 546 966; x_wconf 85' lang='lat' dir='ltr'>Aneodotis</span> <span class='ocrx_word' id='word_1_51' title='bbox 567 899 609 964; x_wconf 90' lang='grc' dir='ltr'>Τ.</span> <span class='ocrx_word' id='word_1_52' title='bbox 630 900 654 963; x_wconf 93' lang='grc' dir='ltr'>Ι.</span> <span class='ocrx_word' id='word_1_53' title='bbox 676 901 768 988; x_wconf 72' lang='lat' dir='ltr'>pta,</span> <span class='ocrx_word' id='word_1_54' title='bbox 782 901 837 964; x_wconf 74' lang='lat'>20:</span> <span class='ocrx_word' id='word_1_55' title='bbox 858 896 1102 986; x_wconf 78' lang='grc' dir='ltr'><strong><em>Ἀγανόφρονες·</em></strong></span> <span class='ocrx_word' id='word_1_56' title='bbox 1124 897 1266 989; x_wconf 75' lang='grc' dir='ltr'><strong><em>ηθολάγφ</em></strong></span> 
     </span>
    </p>

    <p class='ocr_par' dir='ltr' id='par_1_5' title="bbox 103 983 1266 1086">
     <span class='ocr_line' id='line_1_9' title="bbox 103 983 1266 1086; baseline 0.003 -36"><span class='ocrx_word' id='word_1_57' title='bbox 103 989 200 1075; x_wconf 83' lang='grc' dir='ltr'><strong><em>σοφίρ</em></strong></span> <span class='ocrx_word' id='word_1_58' title='bbox 227 989 293 1070; x_wconf 77' lang='grc' dir='ltr'><strong><em>περὶ</em></strong></span> <span class='ocrx_word' id='word_1_59' title='bbox 319 991 439 1070; x_wconf 91' lang='grc' dir='ltr'><strong><em>βροτῶν</em></strong></span> <span class='ocrx_word' id='word_1_60' title='bbox 460 989 695 1068; x_wconf 81' lang='grc' dir='ltr'><strong><em>περισσοκαλιΐς.</em></strong></span> <span class='ocrx_word' id='word_1_61' title='bbox 733 983 887 1048; x_wconf 89' lang='lat' dir='ltr'>Hauovius</span> <span class='ocrx_word' id='word_1_62' title='bbox 909 985 1025 1071; x_wconf 85' lang='lat' dir='ltr'>quidem</span> <span class='ocrx_word' id='word_1_63' title='bbox 1045 1006 1073 1086; x_wconf 85' lang='lat' dir='ltr'>p.</span> <span class='ocrx_word' id='word_1_64' title='bbox 1094 987 1138 1051; x_wconf 84' lang='grc'>63</span> <span class='ocrx_word' id='word_1_65' title='bbox 1159 1008 1266 1053; x_wconf 74' lang='lat' dir='ltr'>versus</span> 
     </span>
    </p>

    <p class='ocr_par' dir='ltr' id='par_1_6' title="bbox 105 1070 1157 1228">
     <span class='ocr_line' id='line_1_10' title="bbox 105 1070 1157 1175; baseline 0 -40"><span class='ocrx_word' id='word_1_66' title='bbox 105 1079 287 1136; x_wconf 91' lang='lat' dir='ltr'>tetrametros</span> <span class='ocrx_word' id='word_1_67' title='bbox 308 1071 447 1136; x_wconf 80' lang='lat' dir='ltr'>iambicos</span> <span class='ocrx_word' id='word_1_68' title='bbox 464 1071 630 1135; x_wconf 80' lang='lat' dir='ltr'>dubitanter</span> <span class='ocrx_word' id='word_1_69' title='bbox 650 1070 938 1175; x_wconf 39' lang='lat' dir='ltr'>tamenxcoustituerc</span> <span class='ocrx_word' id='word_1_70' title='bbox 957 1070 1068 1137; x_wconf 86' lang='lat' dir='ltr'>studurt</span> <span class='ocrx_word' id='word_1_71' title='bbox 1087 1071 1157 1137; x_wconf 80' lang='lat' dir='ltr'>hos:</span> 
     </span>
     <span class='ocr_line' id='line_1_11' title="bbox 559 1153 784 1228; baseline 0 -12"><span class='ocrx_word' id='word_1_72' title='bbox 559 1153 660 1216; x_wconf 87' lang='grc' dir='ltr'><strong><em>Μακά</em></strong></span> <span class='ocrx_word' id='word_1_73' title='bbox 682 1178 726 1228; x_wconf 89' lang='grc' dir='ltr'>ιος</span> <span class='ocrx_word' id='word_1_74' title='bbox 768 1179 784 1216; x_wconf 91' lang='grc' dir='ltr'><strong><em>ν</em></strong></span> 
     </span>
    </p>

    <p class='ocr_par' dir='ltr' id='par_1_7' title="bbox 183 1179 1161 1325">
     <span class='ocr_line' id='line_1_12' title="bbox 183 1179 1161 1325; baseline -0.001 -21"><span class='ocrx_word' id='word_1_75' title='bbox 183 1236 222 1304; x_wconf 89' lang='lat'>‘0</span> <span class='ocrx_word' id='word_1_76' title='bbox 242 1237 303 1324; x_wconf 83' lang='grc' dir='ltr'>πρὸ</span> <span class='ocrx_word' id='word_1_77' title='bbox 323 1243 379 1301; x_wconf 77' lang='grc' dir='ltr'>τοῦ</span> <span class='ocrx_word' id='word_1_78' title='bbox 399 1239 467 1320; x_wconf 92' lang='grc' dir='ltr'><strong><em>βίος</em></strong></span> <span class='ocrx_word' id='word_1_79' title='bbox 486 1243 623 1320; x_wconf 79' lang='grc' dir='ltr'><strong><em>βροτοῖσι</em></strong></span> <span class='ocrx_word' id='word_1_80' title='bbox 645 1179 721 1322; x_wconf 68' lang='grc' dir='ltr'><strong><em>πρρὸς</em></strong></span> <span class='ocrx_word' id='word_1_81' title='bbox 742 1180 780 1301; x_wconf 60' lang='lat' dir='ltr'>dd</span> <span class='ocrx_word' id='word_1_82' title='bbox 801 1243 876 1315; x_wconf 81' lang='grc' dir='ltr'><strong><em>νῦν,</em></strong></span> <span class='ocrx_word' id='word_1_83' title='bbox 898 1235 933 1302; x_wconf 78' lang='grc' dir='ltr'><strong><em>ὃν</em></strong></span> <span class='ocrx_word' id='word_1_84' title='bbox 952 1235 1032 1320; x_wconf 81' lang='grc' dir='ltr'><strong><em>είχον</em></strong></span> <span class='ocrx_word' id='word_1_85' title='bbox 1050 1236 1161 1325; x_wconf 76' lang='grc' dir='ltr'><strong><em>άνδρες</em></strong></span> 
     </span>
    </p>

    <p class='ocr_par' dir='ltr' id='par_1_8' title="bbox 185 1320 1112 1410">
     <span class='ocr_line' id='line_1_13' title="bbox 185 1320 1112 1410; baseline 0.004 -23"><span class='ocrx_word' id='word_1_86' title='bbox 185 1321 414 1408; x_wconf 81' lang='grc' dir='ltr'><strong><em>Ἀγανόφρονες</em></strong></span> <span class='ocrx_word' id='word_1_87' title='bbox 434 1320 573 1406; x_wconf 75' lang='grc' dir='ltr'><strong><em>ἡδνλάγῳ</em></strong></span> <span class='ocrx_word' id='word_1_88' title='bbox 595 1324 691 1410; x_wconf 83' lang='grc' dir='ltr'><strong><em>σοφίρ</em></strong></span> <span class='ocrx_word' id='word_1_89' title='bbox 716 1328 837 1405; x_wconf 80' lang='grc' dir='ltr'><strong><em>βροτῶν</em></strong></span> <span class='ocrx_word' id='word_1_90' title='bbox 859 1329 1112 1408; x_wconf 81' lang='grc' dir='ltr'><strong><em>περισσοκαλλεῖς.</em></strong></span> 
     </span>
    </p>

    <p class='ocr_par' dir='ltr' id='par_1_9' title="bbox 102 1407 1294 1920">
     <span class='ocr_line' id='line_1_14' title="bbox 102 1407 1266 1496; baseline 0.003 -21"><span class='ocrx_word' id='word_1_91' title='bbox 102 1407 144 1475; x_wconf 89' lang='lat' dir='ltr'>At</span> <span class='ocrx_word' id='word_1_92' title='bbox 163 1409 268 1473; x_wconf 91' lang='lat' dir='ltr'>tertius</span> <span class='ocrx_word' id='word_1_93' title='bbox 289 1416 368 1471; x_wconf 88' lang='lat' dir='ltr'>certe</span> <span class='ocrx_word' id='word_1_94' title='bbox 391 1429 494 1491; x_wconf 83' lang='lat' dir='ltr'>uersus</span> <span class='ocrx_word' id='word_1_95' title='bbox 515 1408 596 1481; x_wconf 81' lang='lat' dir='ltr'>nudo</span> <span class='ocrx_word' id='word_1_96' title='bbox 616 1417 700 1496; x_wconf 87' lang='lat' dir='ltr'>pacto</span> <span class='ocrx_word' id='word_1_97' title='bbox 721 1417 818 1496; x_wconf 87' lang='lat' dir='ltr'>potest</span> <span class='ocrx_word' id='word_1_98' title='bbox 845 1429 898 1494; x_wconf 87' lang='lat' dir='ltr'>pro</span> <span class='ocrx_word' id='word_1_99' title='bbox 920 1410 1042 1473; x_wconf 89' lang='lat' dir='ltr'>iambico</span> <span class='ocrx_word' id='word_1_100' title='bbox 1064 1410 1184 1492; x_wconf 85' lang='lat' dir='ltr'>haberi,</span> <span class='ocrx_word' id='word_1_101' title='bbox 1210 1410 1266 1479; x_wconf 72' lang='lat' dir='ltr'>aad</span> 
     </span>
     <span class='ocr_line' id='line_1_15' title="bbox 105 1493 1266 1580; baseline 0.004 -23"><span class='ocrx_word' id='word_1_102' title='bbox 105 1499 219 1558; x_wconf 89' lang='lat' dir='ltr'>constat</span> <span class='ocrx_word' id='word_1_103' title='bbox 243 1493 376 1557; x_wconf 86' lang='lat' dir='ltr'>dimetris</span> <span class='ocrx_word' id='word_1_104' title='bbox 403 1493 588 1580; x_wconf 81' lang='lat' dir='ltr'>anapaestico</span> <span class='ocrx_word' id='word_1_105' title='bbox 610 1494 719 1573; x_wconf 78' lang='lat' dir='ltr'>altero,</span> <span class='ocrx_word' id='word_1_106' title='bbox 741 1493 833 1557; x_wconf 92' lang='lat' dir='ltr'>altero</span> <span class='ocrx_word' id='word_1_107' title='bbox 855 1494 993 1557; x_wconf 89' lang='lat' dir='ltr'>iambico:</span> <span class='ocrx_word' id='word_1_108' title='bbox 1023 1516 1108 1578; x_wconf 88' lang='lat' dir='ltr'>quam</span> <span class='ocrx_word' id='word_1_109' title='bbox 1128 1516 1266 1561; x_wconf 87' lang='lat' dir='ltr'>numeru-</span> 
     </span>
     <span class='ocr_line' id='line_1_16' title="bbox 105 1578 1294 1665; baseline 0.001 -23"><span class='ocrx_word' id='word_1_110' title='bbox 105 1600 169 1642; x_wconf 94' lang='lat' dir='ltr'>rum</span> <span class='ocrx_word' id='word_1_111' title='bbox 191 1578 409 1642; x_wconf 86' lang='lat' dir='ltr'>commissuram</span> <span class='ocrx_word' id='word_1_112' title='bbox 431 1578 529 1641; x_wconf 86' lang='lat' dir='ltr'>statim</span> <span class='ocrx_word' id='word_1_113' title='bbox 551 1579 582 1640; x_wconf 93' lang='lat' dir='ltr'>iu</span> <span class='ocrx_word' id='word_1_114' title='bbox 610 1578 668 1642; x_wconf 91' lang='lat' dir='ltr'>alio</span> <span class='ocrx_word' id='word_1_115' title='bbox 695 1579 863 1663; x_wconf 78' lang='lat' dir='ltr'>fragmento</span> <span class='ocrx_word' id='word_1_116' title='bbox 891 1579 967 1665; x_wconf 93' lang='lat' dir='ltr'>apud</span> <span class='ocrx_word' id='word_1_117' title='bbox 987 1578 1175 1645; x_wconf 78' lang='lat' dir='ltr'>Athenaeum</span> <span class='ocrx_word' id='word_1_118' title='bbox 1195 1578 1266 1647; x_wconf 87' lang='lat' dir='ltr'><strong>XII.</strong></span> <span class='ocrx_word' id='word_1_119' title='bbox 1291 1638 1294 1643; x_wconf 91' lang='grc'><strong><em>,</em></strong></span> 
     </span>
     <span class='ocr_line' id='line_1_17' title="bbox 103 1661 1265 1751; baseline 0.003 -23"><span class='ocrx_word' id='word_1_120' title='bbox 103 1684 133 1751; x_wconf 87' lang='lat' dir='ltr'>p.</span> <span class='ocrx_word' id='word_1_121' title='bbox 154 1663 217 1728; x_wconf 77' lang='lat'>⁵53</span> <span class='ocrx_word' id='word_1_122' title='bbox 239 1661 277 1725; x_wconf 88' lang='grc' dir='ltr'>Ε.</span> <span class='ocrx_word' id='word_1_123' title='bbox 306 1661 577 1738; x_wconf 88' lang='lat' dir='ltr'>animadvertimus,</span> <span class='ocrx_word' id='word_1_124' title='bbox 611 1684 666 1725; x_wconf 85' lang='lat' dir='ltr'>nec</span> <span class='ocrx_word' id='word_1_125' title='bbox 693 1663 800 1748; x_wconf 82' lang='lat' dir='ltr'>tragici</span> <span class='ocrx_word' id='word_1_126' title='bbox 827 1664 976 1750; x_wconf 87' lang='lat' dir='ltr'>aspernati</span> <span class='ocrx_word' id='word_1_127' title='bbox 1004 1673 1088 1746; x_wconf 87' lang='lat' dir='ltr'>suut,</span> <span class='ocrx_word' id='word_1_128' title='bbox 1116 1677 1148 1729; x_wconf 91' lang='lat' dir='ltr'>ut</span> <span class='ocrx_word' id='word_1_129' title='bbox 1175 1664 1265 1731; x_wconf 87' lang='lat' dir='ltr'>Euri·</span> 
     </span>
     <span class='ocr_line' id='line_1_18' title="bbox 103 1746 1263 1836; baseline 0.003 -25"><span class='ocrx_word' id='word_1_130' title='bbox 103 1746 186 1836; x_wconf 85' lang='lat' dir='ltr'>pides</span> <span class='ocrx_word' id='word_1_131' title='bbox 207 1746 240 1810; x_wconf 90' lang='lat' dir='ltr'>iu</span> <span class='ocrx_word' id='word_1_132' title='bbox 260 1746 429 1811; x_wconf 81' lang='lat' dir='ltr'>Heraclidis</span> <span class='ocrx_word' id='word_1_133' title='bbox 452 1768 510 1811; x_wconf 93' lang='lat' dir='ltr'>nou</span> <span class='ocrx_word' id='word_1_134' title='bbox 533 1747 669 1811; x_wconf 83' lang='lat' dir='ltr'>dissimili</span> <span class='ocrx_word' id='word_1_135' title='bbox 689 1767 810 1835; x_wconf 90' lang='lat' dir='ltr'>prorsus</span> <span class='ocrx_word' id='word_1_136' title='bbox 832 1768 953 1811; x_wconf 88' lang='lat' dir='ltr'>numero</span> <span class='ocrx_word' id='word_1_137' title='bbox 976 1769 1047 1813; x_wconf 90' lang='lat' dir='ltr'>usus</span> <span class='ocrx_word' id='word_1_138' title='bbox 1069 1755 1116 1814; x_wconf 82' lang='lat' dir='ltr'>cst</span> <span class='ocrx_word' id='word_1_139' title='bbox 1134 1770 1165 1815; x_wconf 81' lang='grc' dir='ltr'>τ.</span> <span class='ocrx_word' id='word_1_140' title='bbox 1184 1750 1263 1817; x_wconf 80' lang='lat'>775:</span> 
     </span>
     <span class='ocr_line' id='line_1_19' title="bbox 151 1830 1264 1920; baseline 0.004 -26"><span class='ocrx_word' id='word_1_141' title='bbox 151 1866 164 1876; x_wconf 61' lang='lat'>-&gt;</span> <span class='ocrx_word' id='word_1_142' title='bbox 186 1830 326 1917; x_wconf 83' lang='grc' dir='ltr'><strong><em>Στρατὸν</em></strong></span> <span class='ocrx_word' id='word_1_143' title='bbox 338 1830 500 1917; x_wconf 76' lang='grc' dir='ltr'><strong><em>Ἀργόθεν·</em></strong></span> <span class='ocrx_word' id='word_1_144' title='bbox 528 1830 644 1915; x_wconf 77' lang='grc' dir='ltr'><strong><em>οὐγὰρ</em></strong></span> <span class='ocrx_word' id='word_1_145' title='bbox 666 1834 725 1920; x_wconf 73' lang='grc' dir='ltr'>ἐμᾷ</span> <span class='ocrx_word' id='word_1_146' title='bbox 746 1832 771 1916; x_wconf 77' lang='grc' dir='ltr'>μ’</span> <span class='ocrx_word' id='word_1_147' title='bbox 796 1830 890 1919; x_wconf 76' lang='grc' dir='ltr'><strong><em>ἀρετᾷ</em></strong></span> <span class='ocrx_word' id='word_1_148' title='bbox 911 1832 1026 1910; x_wconf 80' lang='grc' dir='ltr'><strong><em>δίκαιός</em></strong></span> <span class='ocrx_word' id='word_1_149' title='bbox 1047 1834 1109 1916; x_wconf 72' lang='grc' dir='ltr'>εἰμ’</span> <span class='ocrx_word' id='word_1_150' title='bbox 1132 1836 1264 1901; x_wconf 78' lang='grc' dir='ltr'><strong><em>ἐκπεσεῖν</em></strong></span> 
     </span>
    </p>

    <p class='ocr_par' dir='ltr' id='par_1_10' title="bbox 809 1913 959 1982">
     <span class='ocr_line' id='line_1_20' title="bbox 809 1913 959 1982; baseline 0.02 -3"><span class='ocrx_word' id='word_1_151' title='bbox 809 1913 885 1979; x_wconf 81' lang='grc' dir='ltr'><strong><em>ιλάθ</em></strong></span> <span class='ocrx_word' id='word_1_152' title='bbox 907 1941 959 1982; x_wconf 91' lang='grc' dir='ltr'>ων.</span> 
     </span>
    </p>

    <p class='ocr_par' dir='ltr' id='par_1_11' title="bbox 102 1941 977 2088">
     <span class='ocr_line' id='line_1_21' title="bbox 102 1941 977 2088; baseline 0 -23"><span class='ocrx_word' id='word_1_153' title='bbox 102 2006 132 2065; x_wconf 89' lang='lat' dir='ltr'>et</span> <span class='ocrx_word' id='word_1_154' title='bbox 150 2002 181 2064; x_wconf 92' lang='lat' dir='ltr'>iu</span> <span class='ocrx_word' id='word_1_155' title='bbox 204 2000 404 2088; x_wconf 85' lang='lat' dir='ltr'>antistropha:</span> <span class='ocrx_word' id='word_1_156' title='bbox 782 1941 805 1997; x_wconf 64' lang='grc' dir='ltr'><em>μ</em></span> <span class='ocrx_word' id='word_1_157' title='bbox 887 1941 904 1998; x_wconf 69' lang='grc' dir='ltr'><em>ρ</em></span> <span class='ocrx_word' id='word_1_158' title='bbox 973 1992 977 2003; x_wconf 50' lang='grc'><em>“</em></span> 
     </span>
    </p>

    <p class='ocr_par' dir='ltr' id='par_1_12' title="bbox 102 2081 1263 2321">
     <span class='ocr_line' id='line_1_22' title="bbox 182 2081 1263 2173; baseline 0.006 -24"><span class='ocrx_word' id='word_1_159' title='bbox 182 2082 396 2166; x_wconf 78' lang='grc' dir='ltr'><strong><em>Ὀλολάγματα</em></strong></span> <span class='ocrx_word' id='word_1_160' title='bbox 409 2083 582 2164; x_wconf 72' lang='grc' dir='ltr'><strong><em>παννυχίοις</em></strong></span> <span class='ocrx_word' id='word_1_161' title='bbox 601 2081 662 2145; x_wconf 76' lang='grc' dir='ltr'>ὑπὸ</span> <span class='ocrx_word' id='word_1_162' title='bbox 686 2083 849 2168; x_wconf 71' lang='grc' dir='ltr'><strong><em>παρθένων</em></strong></span> <span class='ocrx_word' id='word_1_163' title='bbox 863 2087 963 2166; x_wconf 82' lang='grc' dir='ltr'><strong><em>ίακχτῖ</em></strong></span> <span class='ocrx_word' id='word_1_164' title='bbox 979 2088 1084 2151; x_wconf 82' lang='grc' dir='ltr'><strong><em>ποδῶν</em></strong></span> <span class='ocrx_word' id='word_1_165' title='bbox 1103 2084 1263 2173; x_wconf 81' lang='grc' dir='ltr'><strong><em>κράτοισιν.</em></strong></span> 
     </span>
     <span class='ocr_line' id='line_1_23' title="bbox 103 2168 1262 2261; baseline 0.003 -26"><span class='ocrx_word' id='word_1_166' title='bbox 103 2170 218 2254; x_wconf 91' lang='lat' dir='ltr'>etquod</span> <span class='ocrx_word' id='word_1_167' title='bbox 258 2170 358 2256; x_wconf 90' lang='lat' dir='ltr'>ropius</span> <span class='ocrx_word' id='word_1_168' title='bbox 380 2169 466 2232; x_wconf 87' lang='lat' dir='ltr'>etiam</span> <span class='ocrx_word' id='word_1_169' title='bbox 488 2168 525 2231; x_wconf 90' lang='lat' dir='ltr'>ad</span> <span class='ocrx_word' id='word_1_170' title='bbox 543 2168 628 2231; x_wconf 90' lang='lat' dir='ltr'>huius</span> <span class='ocrx_word' id='word_1_171' title='bbox 650 2189 755 2232; x_wconf 87' lang='lat' dir='ltr'>versus</span> <span class='ocrx_word' id='word_1_172' title='bbox 776 2169 994 2236; x_wconf 89' lang='lat' dir='ltr'>similitudinem</span> <span class='ocrx_word' id='word_1_173' title='bbox 1006 2172 1118 2237; x_wconf 84' lang='lat' dir='ltr'>accedit</span> <span class='ocrx_word' id='word_1_174' title='bbox 1126 2172 1262 2261; x_wconf 79' lang='lat' dir='ltr'>Aeschy-</span> 
     </span>
     <span class='ocr_line' id='line_1_24' title="bbox 102 2251 1162 2321; baseline -0.006 0"><span class='ocrx_word' id='word_1_175' title='bbox 102 2256 149 2321; x_wconf 89' lang='lat' dir='ltr'>Ius</span> <span class='ocrx_word' id='word_1_176' title='bbox 170 2255 202 2317; x_wconf 91' lang='lat' dir='ltr'>in</span> <span class='ocrx_word' id='word_1_177' title='bbox 251 2252 400 2316; x_wconf 78' lang='lat' dir='ltr'>cometheo</span> <span class='ocrx_word' id='word_1_178' title='bbox 421 2273 450 2317; x_wconf 87' lang='lat' dir='ltr'>v.</span> <span class='ocrx_word' id='word_1_179' title='bbox 471 2251 553 2317; x_wconf 79' lang='lat'><strong>545:</strong></span> <span class='ocrx_word' id='word_1_180' title='bbox 1158 2296 1162 2303; x_wconf 87' lang='lat'><em>·</em></span> 
     </span>
    </p>

    <p class='ocr_par' dir='ltr' id='par_1_13' title="bbox 191 2324 1112 2424">
     <span class='ocr_line' id='line_1_25' title="bbox 191 2324 1112 2424; baseline 0.005 -25"><span class='ocrx_word' id='word_1_181' title='bbox 191 2336 268 2422; x_wconf 66' lang='lat' dir='ltr'>(Dtp&#39;</span> <span class='ocrx_word' id='word_1_182' title='bbox 293 2334 374 2411; x_wconf 80' lang='grc' dir='ltr'><strong><em>ὅπως</em></strong></span> <span class='ocrx_word' id='word_1_183' title='bbox 395 2333 504 2417; x_wconf 81' lang='grc' dir='ltr'><strong><em>άχαρις</em></strong></span> <span class='ocrx_word' id='word_1_184' title='bbox 521 2331 612 2418; x_wconf 86' lang='grc' dir='ltr'><strong><em>χάρις</em></strong></span> <span class='ocrx_word' id='word_1_185' title='bbox 633 2324 658 2397; x_wconf 73' lang='lat' dir='ltr'>oi</span> <span class='ocrx_word' id='word_1_186' title='bbox 679 2336 769 2420; x_wconf 77' lang='grc' dir='ltr'><strong><em>φίλος</em></strong></span> <span class='ocrx_word' id='word_1_187' title='bbox 791 2336 853 2399; x_wconf 72' lang='lat' dir='ltr'>sini</span> <span class='ocrx_word' id='word_1_188' title='bbox 869 2342 929 2401; x_wconf 80' lang='grc' dir='ltr'>ποῦ</span> <span class='ocrx_word' id='word_1_189' title='bbox 951 2340 996 2416; x_wconf 90' lang='grc' dir='ltr'>τίς</span> <span class='ocrx_word' id='word_1_190' title='bbox 1016 2338 1112 2424; x_wconf 65' lang='grc' dir='ltr'><strong><em>βῶκάς</em></strong></span> 
     </span>
    </p>

    <p class='ocr_par' dir='ltr' id='par_1_14' title="bbox 193 2417 849 2506">
     <span class='ocr_line' id='line_1_26' title="bbox 193 2417 849 2506; baseline 0.002 -23"><span class='ocrx_word' id='word_1_191' title='bbox 193 2425 249 2496; x_wconf 91' lang='grc' dir='ltr'>Τίς</span> <span class='ocrx_word' id='word_1_192' title='bbox 270 2422 443 2505; x_wconf 73' lang='grc' dir='ltr'><strong><em>ἐφαμερίων</em></strong></span> <span class='ocrx_word' id='word_1_193' title='bbox 462 2418 582 2506; x_wconf 78' lang='grc' dir='ltr'><strong><em>ἄρηξις,</em></strong></span> <span class='ocrx_word' id='word_1_194' title='bbox 605 2417 673 2483; x_wconf 80' lang='lat' dir='ltr'>odd’</span> <span class='ocrx_word' id='word_1_195' title='bbox 698 2421 849 2503; x_wconf 69' lang='grc' dir='ltr'><strong><em>ἐδέρχθης</em></strong></span> 
     </span>
    </p>

    <p class='ocr_par' dir='ltr' id='par_1_15' title="bbox 103 2499 1263 2764">
     <span class='ocr_line' id='line_1_27' title="bbox 184 2499 965 2593; baseline 0 -22"><span class='ocrx_word' id='word_1_196' title='bbox 184 2505 414 2590; x_wconf 75' lang='grc' dir='ltr'><strong><em>Ὀλιγοδρανίαν</em></strong></span> <span class='ocrx_word' id='word_1_197' title='bbox 435 2503 541 2570; x_wconf 77' lang='grc' dir='ltr'><strong><em>ἄκικυν</em></strong></span> <span class='ocrx_word' id='word_1_198' title='bbox 562 2501 708 2587; x_wconf 77' lang='grc' dir='ltr'><strong><em>ἰσόνειρον</em></strong></span> <span class='ocrx_word' id='word_1_199' title='bbox 715 2554 724 2581; x_wconf 95' lang='grc'><strong><em>,</em></strong></span> <span class='ocrx_word' id='word_1_200' title='bbox 746 2499 768 2593; x_wconf 76' lang='grc' dir='ltr'><em>ᾇ</em></span> <span class='ocrx_word' id='word_1_201' title='bbox 787 2505 822 2571; x_wconf 82' lang='grc' dir='ltr'>τὸ</span> <span class='ocrx_word' id='word_1_202' title='bbox 844 2512 965 2590; x_wconf 90' lang='grc' dir='ltr'><strong><em>φωτῶν.</em></strong></span> 
     </span>
     <span class='ocr_line' id='line_1_28' title="bbox 103 2591 1263 2680; baseline 0.007 -24"><span class='ocrx_word' id='word_1_203' title='bbox 103 2591 141 2657; x_wconf 90' lang='lat' dir='ltr'>ad</span> <span class='ocrx_word' id='word_1_204' title='bbox 174 2593 354 2677; x_wconf 86' lang='lat' dir='ltr'>eundemque</span> <span class='ocrx_word' id='word_1_205' title='bbox 385 2591 500 2655; x_wconf 94' lang='lat' dir='ltr'>modum</span> <span class='ocrx_word' id='word_1_206' title='bbox 532 2591 564 2654; x_wconf 89' lang='lat' dir='ltr'>in</span> <span class='ocrx_word' id='word_1_207' title='bbox 602 2591 793 2680; x_wconf 85' lang='lat' dir='ltr'>antistropha.</span> <span class='ocrx_word' id='word_1_208' title='bbox 845 2592 946 2678; x_wconf 87' lang='lat' dir='ltr'>Itaque</span> <span class='ocrx_word' id='word_1_209' title='bbox 979 2594 1024 2659; x_wconf 88' lang='lat' dir='ltr'>sic</span> <span class='ocrx_word' id='word_1_210' title='bbox 1061 2595 1179 2661; x_wconf 83' lang='lat' dir='ltr'>videtur</span> <span class='ocrx_word' id='word_1_211' title='bbox 1208 2594 1263 2665; x_wconf 78' lang='lat' dir='ltr'>hoc</span> 
     </span>
     <span class='ocr_line' id='line_1_29' title="bbox 103 2675 656 2764; baseline -0.004 -23"><span class='ocrx_word' id='word_1_212' title='bbox 103 2677 300 2764; x_wconf 70' lang='lat' dir='ltr'>fragmentum</span> <span class='ocrx_word' id='word_1_213' title='bbox 322 2675 553 2740; x_wconf 88' lang='lat' dir='ltr'>constituendum</span> <span class='ocrx_word' id='word_1_214' title='bbox 575 2695 656 2739; x_wconf 86' lang='lat' dir='ltr'>csse:</span> 
     </span>
    </p>

    <p class='ocr_par' dir='ltr' id='par_1_16' title="bbox 188 2755 696 2842">
     <span class='ocr_line' id='line_1_30' title="bbox 188 2755 696 2842; baseline -0.008 -18"><span class='ocrx_word' id='word_1_215' title='bbox 188 2757 355 2842; x_wconf 75' lang='grc' dir='ltr'><strong><em>Μακάριος</em></strong></span> <span class='ocrx_word' id='word_1_216' title='bbox 375 2757 413 2841; x_wconf 78' lang='grc' dir='ltr'><strong><em>ἢν</em></strong></span> <span class='ocrx_word' id='word_1_217' title='bbox 433 2755 449 2822; x_wconf 83' lang='grc' dir='ltr'><strong>ὅ</strong></span> <span class='ocrx_word' id='word_1_218' title='bbox 472 2758 531 2842; x_wconf 82' lang='grc' dir='ltr'>πρὸ</span> <span class='ocrx_word' id='word_1_219' title='bbox 552 2765 607 2822; x_wconf 84' lang='grc' dir='ltr'>τοῦ</span> <span class='ocrx_word' id='word_1_220' title='bbox 628 2760 696 2839; x_wconf 86' lang='grc' dir='ltr'><strong><em>βίος</em></strong></span> 
     </span>
    </p>

    <p class='ocr_par' dir='ltr' id='par_1_17' title="bbox 188 2841 860 2931">
     <span class='ocr_line' id='line_1_31' title="bbox 188 2841 860 2931; baseline -0.001 -22"><span class='ocrx_word' id='word_1_221' title='bbox 188 2849 334 2929; x_wconf 88' lang='grc' dir='ltr'><strong><em>Βροτοΐσι</em></strong></span> <span class='ocrx_word' id='word_1_222' title='bbox 356 2842 433 2927; x_wconf 86' lang='grc' dir='ltr'><strong><em>πρὸς</em></strong></span> <span class='ocrx_word' id='word_1_223' title='bbox 453 2844 492 2907; x_wconf 86' lang='grc' dir='ltr'>τὰ</span> <span class='ocrx_word' id='word_1_224' title='bbox 513 2850 576 2921; x_wconf 83' lang='grc' dir='ltr'><strong><em>νῦν,</em></strong></span> <span class='ocrx_word' id='word_1_225' title='bbox 600 2841 634 2907; x_wconf 76' lang='grc' dir='ltr'><strong><em>ὃν</em></strong></span> <span class='ocrx_word' id='word_1_226' title='bbox 655 2841 733 2926; x_wconf 74' lang='grc' dir='ltr'><strong><em>εἶχον</em></strong></span> <span class='ocrx_word' id='word_1_227' title='bbox 754 2841 860 2931; x_wconf 81' lang='grc' dir='ltr'><strong><em>άνδρις</em></strong></span> 
     </span>
    </p>

    <p class='ocr_par' dir='ltr' id='par_1_18' title="bbox 183 2924 1091 3015">
     <span class='ocr_line' id='line_1_32' title="bbox 183 2924 1091 3015; baseline -0.001 -19"><span class='ocrx_word' id='word_1_228' title='bbox 183 2928 402 3014; x_wconf 80' lang='grc' dir='ltr'><strong><em>Ἅγανόφρονες</em></strong></span> <span class='ocrx_word' id='word_1_229' title='bbox 421 2924 560 3014; x_wconf 74' lang='grc' dir='ltr'><strong><em>ἣδολάμῳ</em></strong></span> <span class='ocrx_word' id='word_1_230' title='bbox 582 2930 677 3015; x_wconf 77' lang='grc' dir='ltr'><strong><em>σοφίᾳ</em></strong></span> <span class='ocrx_word' id='word_1_231' title='bbox 698 2935 819 3011; x_wconf 90' lang='grc' dir='ltr'><strong><em>βροτῶν</em></strong></span> <span class='ocrx_word' id='word_1_232' title='bbox 839 2936 1091 3015; x_wconf 73' lang='grc' dir='ltr'><strong><em>περισσοκαλλιΐς.</em></strong></span> 
     </span>
    </p>

    <p class='ocr_par' dir='ltr' id='par_1_19' title="bbox 102 3014 1265 3251">
     <span class='ocr_line' id='line_1_33' title="bbox 103 3014 1265 3105; baseline 0.002 -24"><span class='ocrx_word' id='word_1_233' title='bbox 103 3014 237 3081; x_wconf 81' lang='lat' dir='ltr'>Offendit</span> <span class='ocrx_word' id='word_1_234' title='bbox 257 3024 354 3079; x_wconf 87' lang='lat' dir='ltr'>tamen</span> <span class='ocrx_word' id='word_1_235' title='bbox 375 3015 462 3078; x_wconf 91' lang='lat' dir='ltr'>etiam</span> <span class='ocrx_word' id='word_1_236' title='bbox 484 3035 561 3078; x_wconf 91' lang='lat' dir='ltr'>nuuc</span> <span class='ocrx_word' id='word_1_237' title='bbox 583 3014 716 3101; x_wconf 87' lang='lat' dir='ltr'>repetitio</span> <span class='ocrx_word' id='word_1_238' title='bbox 737 3015 795 3079; x_wconf 88' lang='lat' dir='ltr'>ista</span> <span class='ocrx_word' id='word_1_239' title='bbox 816 3017 970 3081; x_wconf 89' lang='lat' dir='ltr'>verborum</span> <span class='ocrx_word' id='word_1_240' title='bbox 990 3022 1139 3099; x_wconf 76' lang='grc' dir='ltr'><strong><em>βροτοῖσι,</em></strong></span> <span class='ocrx_word' id='word_1_241' title='bbox 1155 3016 1265 3105; x_wconf 75' lang='grc' dir='ltr'><strong><em>ἄνδρες</em></strong></span> 
     </span>
     <span class='ocr_line' id='line_1_34' title="bbox 102 3097 1265 3251; baseline 0.009 -89"><span class='ocrx_word' id='word_1_242' title='bbox 102 3105 232 3251; x_wconf 51' lang='lat' dir='ltr'>{optutu</span> <span class='ocrx_word' id='word_1_243' title='bbox 273 3099 334 3164; x_wconf 87' lang='lat' dir='ltr'>Sed</span> <span class='ocrx_word' id='word_1_244' title='bbox 355 3099 429 3163; x_wconf 88' lang='lat' dir='ltr'>haec</span> <span class='ocrx_word' id='word_1_245' title='bbox 449 3097 620 3163; x_wconf 88' lang='lat' dir='ltr'>Meiuekius</span> <span class='ocrx_word' id='word_1_246' title='bbox 642 3107 725 3163; x_wconf 88' lang='lat' dir='ltr'>acute</span> <span class='ocrx_word' id='word_1_247' title='bbox 747 3109 776 3164; x_wconf 90' lang='lat' dir='ltr'>et</span> <span class='ocrx_word' id='word_1_248' title='bbox 796 3100 968 3188; x_wconf 83' lang='lat' dir='ltr'>ingeniose,</span> <span class='ocrx_word' id='word_1_249' title='bbox 996 3109 1028 3166; x_wconf 90' lang='lat' dir='ltr'>ut</span> <span class='ocrx_word' id='word_1_250' title='bbox 1048 3102 1138 3185; x_wconf 89' lang='lat' dir='ltr'>solat,</span> <span class='ocrx_word' id='word_1_251' title='bbox 1165 3126 1265 3171; x_wconf 82' lang='lat' dir='ltr'>emen·</span> 
     </span>
     <span class='ocr_line' id='line_1_35' title="bbox 125 3185 195 3250; baseline 0.014 -1"><span class='ocrx_word' id='word_1_252' title='bbox 125 3185 195 3250; x_wconf 88' lang='lat' dir='ltr'>ait.</span> 
     </span>
    </p>

    <p class='ocr_par' dir='ltr' id='par_1_20' title="bbox 103 3268 1266 3526">
     <span class='ocr_line' id='line_1_36' title="bbox 187 3268 1266 3361; baseline 0.006 -28"><span class='ocrx_word' id='word_1_253' title='bbox 187 3269 238 3333; x_wconf 82' lang='lat' dir='ltr'>Ex</span> <span class='ocrx_word' id='word_1_254' title='bbox 259 3270 359 3334; x_wconf 89' lang='lat' dir='ltr'>eodem</span> <span class='ocrx_word' id='word_1_255' title='bbox 381 3268 463 3332; x_wconf 88' lang='lat' dir='ltr'>chori</span> <span class='ocrx_word' id='word_1_256' title='bbox 485 3268 613 3332; x_wconf 86' lang='lat' dir='ltr'>carmine</span> <span class='ocrx_word' id='word_1_257' title='bbox 634 3274 703 3332; x_wconf 87' lang='lat' dir='ltr'>sunt</span> <span class='ocrx_word' id='word_1_258' title='bbox 723 3268 809 3333; x_wconf 89' lang='lat' dir='ltr'>etiam</span> <span class='ocrx_word' id='word_1_259' title='bbox 841 3268 893 3332; x_wconf 83' lang='lat' dir='ltr'>iila</span> <span class='ocrx_word' id='word_1_260' title='bbox 914 3270 1005 3357; x_wconf 87' lang='lat' dir='ltr'>petita</span> <span class='ocrx_word' id='word_1_261' title='bbox 1025 3292 1099 3356; x_wconf 88' lang='lat' dir='ltr'>quae</span> <span class='ocrx_word' id='word_1_262' title='bbox 1126 3271 1266 3361; x_wconf 78' lang='lat' dir='ltr'>leguntur</span> 
     </span>
     <span class='ocr_line' id='line_1_37' title="bbox 103 3351 1266 3446; baseline -0.001 -24"><span class='ocrx_word' id='word_1_263' title='bbox 103 3353 180 3446; x_wconf 81' lang='lat' dir='ltr'>apud</span> <span class='ocrx_word' id='word_1_264' title='bbox 206 3352 392 3418; x_wconf 78' lang='lat' dir='ltr'>Athenaeum</span> <span class='ocrx_word' id='word_1_265' title='bbox 417 3351 486 3417; x_wconf 87' lang='lat' dir='ltr'><strong>XII.</strong></span> <span class='ocrx_word' id='word_1_266' title='bbox 512 3373 542 3440; x_wconf 71' lang='lat' dir='ltr'>p·</span> <span class='ocrx_word' id='word_1_267' title='bbox 565 3354 629 3418; x_wconf 81' lang='lat'>553</span> <span class='ocrx_word' id='word_1_268' title='bbox 650 3352 696 3416; x_wconf 88' lang='lat' dir='ltr'>E.</span> <span class='ocrx_word' id='word_1_269' title='bbox 739 3356 893 3437; x_wconf 85' lang='grc' dir='ltr'><strong><em>Κρατῖνος</em></strong></span> <span class='ocrx_word' id='word_1_270' title='bbox 921 3356 954 3417; x_wconf 82' lang='grc' dir='ltr'><strong><em>δέ</em></strong></span> <span class='ocrx_word' id='word_1_271' title='bbox 980 3356 1012 3418; x_wconf 85' lang='grc' dir='ltr'><strong><em>ἐν</em></strong></span> <span class='ocrx_word' id='word_1_272' title='bbox 1031 3356 1186 3442; x_wconf 83' lang='grc' dir='ltr'><strong><em>Χείρωσιν</em></strong></span> <span class='ocrx_word' id='word_1_273' title='bbox 1210 3358 1266 3443; x_wconf 70' lang='grc' dir='ltr'><strong><em>τὴν</em></strong></span> 
     </span>
     <span class='ocr_line' id='line_1_38' title="bbox 103 3437 933 3526; baseline -0.001 -24"><span class='ocrx_word' id='word_1_274' title='bbox 103 3438 224 3526; x_wconf 81' lang='grc' dir='ltr'><strong><em>τροφὴν</em></strong></span> <span class='ocrx_word' id='word_1_275' title='bbox 245 3439 417 3521; x_wconf 85' lang='grc' dir='ltr'><strong><em>ἐμφανίζων</em></strong></span> <span class='ocrx_word' id='word_1_276' title='bbox 437 3438 492 3519; x_wconf 76' lang='grc' dir='ltr'><strong><em>τὴν</em></strong></span> <span class='ocrx_word' id='word_1_277' title='bbox 512 3442 574 3500; x_wconf 86' lang='grc' dir='ltr'><strong><em>τῶν</em></strong></span> <span class='ocrx_word' id='word_1_278' title='bbox 595 3437 804 3518; x_wconf 69' lang='grc' dir='ltr'><strong><em>παλαιοτέρων</em></strong></span> <span class='ocrx_word' id='word_1_279' title='bbox 825 3440 933 3522; x_wconf 85' lang='grc' dir='ltr'><strong><em>φησίν·</em></strong></span> 
     </span>
    </p>

    <p class='ocr_par' dir='ltr' id='par_1_21' title="bbox 182 3515 1203 3607">
     <span class='ocr_line' id='line_1_39' title="bbox 182 3515 1203 3607; baseline 0.003 -20"><span class='ocrx_word' id='word_1_280' title='bbox 182 3523 316 3587; x_wconf 81' lang='grc' dir='ltr'><strong><em>Ἀπαλὸν</em></strong></span> <span class='ocrx_word' id='word_1_281' title='bbox 337 3523 370 3586; x_wconf 84' lang='grc' dir='ltr'><strong><em>δέ</em></strong></span> <span class='ocrx_word' id='word_1_282' title='bbox 390 3521 575 3606; x_wconf 77' lang='grc' dir='ltr'><strong><em>σισύμβριον</em></strong></span> <span class='ocrx_word' id='word_1_283' title='bbox 595 3518 614 3603; x_wconf 80' lang='grc' dir='ltr'>ἢ</span> <span class='ocrx_word' id='word_1_284' title='bbox 637 3519 728 3606; x_wconf 74' lang='grc' dir='ltr'><strong><em>ῥόδον</em></strong></span> <span class='ocrx_word' id='word_1_285' title='bbox 748 3520 767 3603; x_wconf 81' lang='grc' dir='ltr'>ἢ</span> <span class='ocrx_word' id='word_1_286' title='bbox 789 3525 889 3604; x_wconf 83' lang='grc' dir='ltr'><strong><em>κρίνον</em></strong></span> <span class='ocrx_word' id='word_1_287' title='bbox 910 3521 987 3607; x_wconf 74' lang='grc' dir='ltr'><strong><em>παρ’</em></strong></span> <span class='ocrx_word' id='word_1_288' title='bbox 1012 3515 1065 3598; x_wconf 71' lang='grc' dir='ltr'>σάς</span> <span class='ocrx_word' id='word_1_289' title='bbox 1086 3522 1203 3607; x_wconf 83' lang='grc' dir='ltr'><strong><em>ἐθάκει,</em></strong></span> 
     </span>
    </p>

    <p class='ocr_par' dir='ltr' id='par_1_22' title="bbox 186 3604 1113 3692">
     <span class='ocr_line' id='line_1_40' title="bbox 186 3604 1113 3692; baseline 0.002 -20"><span class='ocrx_word' id='word_1_290' title='bbox 186 3608 283 3692; x_wconf 83' lang='grc' dir='ltr'><strong><em>Παρὰ</em></strong></span> <span class='ocrx_word' id='word_1_291' title='bbox 376 3610 460 3691; x_wconf 80' lang='grc' dir='ltr'><strong><em>χερσί</em></strong></span> <span class='ocrx_word' id='word_1_292' title='bbox 483 3608 517 3671; x_wconf 79' lang='grc' dir='ltr'><strong><em>δέ</em></strong></span> <span class='ocrx_word' id='word_1_293' title='bbox 535 3610 636 3687; x_wconf 79' lang='grc' dir='ltr'><strong><em>μῆλον</em></strong></span> <span class='ocrx_word' id='word_1_294' title='bbox 655 3605 732 3687; x_wconf 79' lang='grc' dir='ltr'><strong><em>ἐχων</em></strong></span> <span class='ocrx_word' id='word_1_295' title='bbox 751 3609 887 3672; x_wconf 88' lang='grc' dir='ltr'><strong><em>σκίπωνα</em></strong></span> <span class='ocrx_word' id='word_1_296' title='bbox 908 3608 938 3672; x_wconf 79' lang='grc' dir='ltr'>τ’</span> <span class='ocrx_word' id='word_1_297' title='bbox 959 3604 1113 3691; x_wconf 70' lang='grc' dir='ltr'><strong><em>ἠγόραζον.</em></strong></span> 
     </span>
    </p>

    <p class='ocr_par' dir='ltr' id='par_1_23' title="bbox 101 3688 1267 4027">
     <span class='ocr_line' id='line_1_41' title="bbox 101 3688 1267 3783; baseline 0.002 -24"><span class='ocrx_word' id='word_1_298' title='bbox 101 3694 203 3783; x_wconf 83' lang='lat' dir='ltr'>Vulgo</span> <span class='ocrx_word' id='word_1_299' title='bbox 231 3693 306 3780; x_wconf 88' lang='lat' dir='ltr'>apud</span> <span class='ocrx_word' id='word_1_300' title='bbox 327 3691 512 3755; x_wconf 83' lang='lat' dir='ltr'>Athenaeum</span> <span class='ocrx_word' id='word_1_301' title='bbox 539 3691 663 3778; x_wconf 77' lang='lat' dir='ltr'>legitate</span> <span class='ocrx_word' id='word_1_302' title='bbox 701 3688 833 3757; x_wconf 82' lang='grc' dir='ltr'><strong><em>Ἀπαλὸν</em></strong></span> <span class='ocrx_word' id='word_1_303' title='bbox 860 3693 894 3757; x_wconf 71' lang='grc' dir='ltr'>δι’</span> <span class='ocrx_word' id='word_1_304' title='bbox 915 3692 1097 3779; x_wconf 83' lang='grc' dir='ltr'><strong><em>σισύμβριον</em></strong></span> <span class='ocrx_word' id='word_1_305' title='bbox 1124 3692 1219 3776; x_wconf 78' lang='grc' dir='ltr'><strong><em>ῥόδον</em></strong></span> <span class='ocrx_word' id='word_1_306' title='bbox 1245 3692 1267 3779; x_wconf 71' lang='grc' dir='ltr'><strong><em>ἢ</em></strong></span> 
     </span>
     <span class='ocr_line' id='line_1_42' title="bbox 102 3776 1266 3867; baseline 0.003 -24"><span class='ocrx_word' id='word_1_307' title='bbox 102 3782 204 3864; x_wconf 88' lang='grc' dir='ltr'><strong><em>κρίνον</em></strong></span> <span class='ocrx_word' id='word_1_308' title='bbox 224 3782 288 3841; x_wconf 85' lang='grc' dir='ltr'>κτλ.</span> <span class='ocrx_word' id='word_1_309' title='bbox 330 3776 523 3856; x_wconf 86' lang='lat' dir='ltr'>Diodorfius,</span> <span class='ocrx_word' id='word_1_310' title='bbox 551 3786 667 3841; x_wconf 89' lang='lat' dir='ltr'>secutus</span> <span class='ocrx_word' id='word_1_311' title='bbox 693 3776 858 3842; x_wconf 89' lang='lat' dir='ltr'>Porsonum</span> <span class='ocrx_word' id='word_1_312' title='bbox 885 3779 923 3843; x_wconf 86' lang='lat' dir='ltr'>ad</span> <span class='ocrx_word' id='word_1_313' title='bbox 949 3778 1102 3867; x_wconf 88' lang='lat' dir='ltr'>Aristoph.</span> <span class='ocrx_word' id='word_1_314' title='bbox 1122 3778 1186 3848; x_wconf 81' lang='lat' dir='ltr'>Vos</span> <span class='ocrx_word' id='word_1_315' title='bbox 1207 3828 1216 3847; x_wconf 92' lang='lat'><strong>.</strong></span> <span class='ocrx_word' id='word_1_316' title='bbox 1238 3802 1266 3847; x_wconf 86' lang='grc' dir='ltr'>τ.</span> 
     </span>
     <span class='ocr_line' id='line_1_43' title="bbox 105 3859 1266 3955; baseline 0.003 -27"><span class='ocrx_word' id='word_1_317' title='bbox 105 3866 186 3931; x_wconf 76' lang='lat'>1522</span> <span class='ocrx_word' id='word_1_318' title='bbox 208 3870 238 3927; x_wconf 89' lang='lat' dir='ltr'>et</span> <span class='ocrx_word' id='word_1_319' title='bbox 257 3860 429 3925; x_wconf 87' lang='lat' dir='ltr'>Elmslcium</span> <span class='ocrx_word' id='word_1_320' title='bbox 452 3861 483 3924; x_wconf 93' lang='lat' dir='ltr'>iu</span> <span class='ocrx_word' id='word_1_321' title='bbox 500 3859 678 3949; x_wconf 82' lang='lat' dir='ltr'>Ediuburgb</span> <span class='ocrx_word' id='word_1_322' title='bbox 697 3860 854 3931; x_wconf 73' lang='lat' dir='ltr'>Remvol.</span> <span class='ocrx_word' id='word_1_323' title='bbox 875 3862 958 3929; x_wconf 86' lang='lat' dir='ltr'><strong>XIX.</strong></span> <span class='ocrx_word' id='word_1_324' title='bbox 980 3886 1009 3955; x_wconf 87' lang='lat' dir='ltr'>p.</span> <span class='ocrx_word' id='word_1_325' title='bbox 1020 3865 1080 3946; x_wconf 83' lang='lat'>89,</span> <span class='ocrx_word' id='word_1_326' title='bbox 1101 3866 1152 3950; x_wconf 87' lang='lat' dir='ltr'>qui</span> <span class='ocrx_word' id='word_1_327' title='bbox 1172 3864 1266 3955; x_wconf 77' lang='grc' dir='ltr'><strong><em>ρόδον</em></strong></span> 
     </span>
     <span class='ocr_line' id='line_1_44' title="bbox 103 3945 420 4027; baseline -0.019 -12"><span class='ocrx_word' id='word_1_328' title='bbox 103 3950 294 4027; x_wconf 86' lang='lat' dir='ltr'>deleverunt,</span> <span class='ocrx_word' id='word_1_329' title='bbox 315 3945 420 4010; x_wconf 91' lang='lat' dir='ltr'>edidit:</span> 
     </span>
    </p>

    <p class='ocr_par' dir='ltr' id='par_1_24' title="bbox 181 4023 1044 4112">
     <span class='ocr_line' id='line_1_45' title="bbox 181 4023 1044 4112; baseline -0.002 -16"><span class='ocrx_word' id='word_1_330' title='bbox 181 4029 314 4096; x_wconf 82' lang='grc' dir='ltr'><strong><em>Ἀπαλὸν</em></strong></span> <span class='ocrx_word' id='word_1_331' title='bbox 335 4031 368 4094; x_wconf 80' lang='grc' dir='ltr'><strong><em>δέ</em></strong></span> <span class='ocrx_word' id='word_1_332' title='bbox 389 4025 571 4111; x_wconf 74' lang='grc' dir='ltr'><strong><em>σισύμβριον</em></strong></span> <span class='ocrx_word' id='word_1_333' title='bbox 591 4026 610 4110; x_wconf 81' lang='grc' dir='ltr'>ἢ</span> <span class='ocrx_word' id='word_1_334' title='bbox 633 4029 734 4112; x_wconf 88' lang='grc' dir='ltr'><strong><em>κρίνον</em></strong></span> <span class='ocrx_word' id='word_1_335' title='bbox 755 4029 831 4110; x_wconf 76' lang='grc' dir='ltr'><strong><em>παρ’</em></strong></span> <span class='ocrx_word' id='word_1_336' title='bbox 856 4023 909 4107; x_wconf 79' lang='grc' dir='ltr'>οὖς</span> <span class='ocrx_word' id='word_1_337' title='bbox 930 4027 1044 4111; x_wconf 82' lang='grc' dir='ltr'><strong><em>ἐθάκει,</em></strong></span> 
     </span>
    </p>

    <p class='ocr_par' dir='ltr' id='par_1_25' title="bbox 186 4110 1037 4199">
     <span class='ocr_line' id='line_1_46' title="bbox 186 4110 1037 4199; baseline 0.001 -20"><span class='ocrx_word' id='word_1_338' title='bbox 186 4116 282 4199; x_wconf 84' lang='grc' dir='ltr'><strong><em>Παρὰ</em></strong></span> <span class='ocrx_word' id='word_1_339' title='bbox 300 4117 385 4199; x_wconf 79' lang='grc' dir='ltr'><strong><em>χερσί</em></strong></span> <span class='ocrx_word' id='word_1_340' title='bbox 408 4115 441 4179; x_wconf 81' lang='grc' dir='ltr'><strong><em>δέ</em></strong></span> <span class='ocrx_word' id='word_1_341' title='bbox 460 4118 560 4195; x_wconf 79' lang='grc' dir='ltr'><strong><em>μῆλον</em></strong></span> <span class='ocrx_word' id='word_1_342' title='bbox 580 4110 656 4194; x_wconf 65' lang='grc' dir='ltr'><strong><em>ἔχων</em></strong></span> <span class='ocrx_word' id='word_1_343' title='bbox 677 4115 813 4178; x_wconf 93' lang='grc' dir='ltr'><strong><em>σκίπωνά</em></strong></span> <span class='ocrx_word' id='word_1_344' title='bbox 830 4115 853 4179; x_wconf 77' lang='grc' dir='ltr'>τ’</span> <span class='ocrx_word' id='word_1_345' title='bbox 877 4113 1037 4199; x_wconf 80' lang='grc' dir='ltr'><strong><em>ἠγόραζον.</em></strong></span> 
     </span>
    </p>

    <p class='ocr_par' dir='ltr' id='par_1_26' title="bbox 100 4198 1265 4373">
     <span class='ocr_line' id='line_1_47' title="bbox 100 4198 1265 4289; baseline 0.002 -21"><span class='ocrx_word' id='word_1_346' title='bbox 100 4202 144 4269; x_wconf 89' lang='lat' dir='ltr'>At</span> <span class='ocrx_word' id='word_1_347' title='bbox 164 4201 315 4289; x_wconf 82' lang='lat' dir='ltr'>aruapaesti</span> <span class='ocrx_word' id='word_1_348' title='bbox 336 4208 386 4265; x_wconf 89' lang='lat' dir='ltr'>aut</span> <span class='ocrx_word' id='word_1_349' title='bbox 407 4200 464 4264; x_wconf 92' lang='lat' dir='ltr'>duo</span> <span class='ocrx_word' id='word_1_350' title='bbox 485 4206 535 4263; x_wconf 88' lang='lat' dir='ltr'>ant</span> <span class='ocrx_word' id='word_1_351' title='bbox 554 4207 675 4283; x_wconf 85' lang='lat' dir='ltr'>quatuor</span> <span class='ocrx_word' id='word_1_352' title='bbox 696 4201 902 4284; x_wconf 87' lang='lat' dir='ltr'>requiruntur,</span> <span class='ocrx_word' id='word_1_353' title='bbox 931 4198 991 4265; x_wconf 81' lang='lat' dir='ltr'>tre&#39;s</span> <span class='ocrx_word' id='word_1_354' title='bbox 1013 4224 1074 4267; x_wconf 89' lang='lat' dir='ltr'>nou</span> <span class='ocrx_word' id='word_1_355' title='bbox 1112 4204 1265 4285; x_wconf 81' lang='lat' dir='ltr'>robautur,</span> 
     </span>
     <span class='ocr_line' id='line_1_48' title="bbox 101 4282 1264 4373; baseline -0.001 -19"><span class='ocrx_word' id='word_1_356' title='bbox 101 4309 170 4356; x_wconf 88' lang='lat' dir='ltr'>uam</span> <span class='ocrx_word' id='word_1_357' title='bbox 195 4286 219 4354; x_wconf 91' lang='lat' dir='ltr'>ii</span> <span class='ocrx_word' id='word_1_358' title='bbox 245 4307 366 4371; x_wconf 84' lang='lat' dir='ltr'>versus,</span> <span class='ocrx_word' id='word_1_359' title='bbox 400 4304 472 4371; x_wconf 86' lang='lat' dir='ltr'>quos</span> <span class='ocrx_word' id='word_1_360' title='bbox 499 4284 659 4371; x_wconf 89' lang='lat' dir='ltr'>composuit</span> <span class='ocrx_word' id='word_1_361' title='bbox 685 4282 826 4349; x_wconf 68' lang='lat' dir='ltr'>Crantiuus</span> <span class='ocrx_word' id='word_1_362' title='bbox 852 4286 884 4349; x_wconf 92' lang='lat' dir='ltr'>in</span> <span class='ocrx_word' id='word_1_363' title='bbox 911 4284 1061 4373; x_wconf 77' lang='lat' dir='ltr'>Fugitirir</span> <span class='ocrx_word' id='word_1_364' title='bbox 1123 4288 1264 4355; x_wconf 76' lang='lat' dir='ltr'>uberibus</span> 
     </span>
    </p>
   </div>
   <div class='ocr_carea' id='block_1_4' title="bbox 0 0 1384 4792">
    <p class='ocr_par' dir='ltr' id='par_1_27' title="bbox 0 0 1384 4792">
     <span class='ocr_line' id='line_1_49' title="bbox 0 0 1384 4792; baseline 0 0"><span class='ocrx_word' id='word_1_365' title='bbox 0 0 1384 4792; x_wconf 95' lang='lat' dir='ltr'> </span> 
     </span>
    </p>
   </div>
  </div>
 </body>
</html>
