2768 4770
269 223 329 291 Du
350 222 494 301 numo
516 220 704 292 COMOED.
726 220 832 292 ΑΤΤ.
852 219 998 296 sautu.
1149 220 1214 293 833

68 394 188 483 isputat,
230 413 401 479 quamquam
429 413 503 457 sano
522 392 651 457 musicae
680 391 753 455 artis
775 389 887 472 studia,
929 381 1027 475 qualia
1053 385 1212 476 antiquitus

68 481 172 560 verint,
200 478 341 542 describit
367 479 398 542 in
419 477 496 541 Nub.
518 498 547 541 v.
568 476 632 543 ool
652 497 733 562 seqq.
775 474 884 543 Verum
906 495 1001 560 neque
1026 485 1130 562 postea
1154 476 1213 542 ista

68 563 222 628 insuetudo
243 562 423 643 intermissa,
446 562 500 627 sod
511 567 596 625 aucta
617 562 704 624 etiam
727 565 757 624 et
776 559 891 623 ratione
912 559 1092 647 confirmata,
1112 560 1211 645 itaque

68 648 193 750 phistae
214 647 396 735 potissimum
409 646 455 709 his
469 647 580 709 artibus
601 645 738 709 iuvenum
753 645 866 708 animos
888 643 926 708 ad
947 646 1102 732 graviores
1123 645 1212 709 disci·

70 754 138 797 rnas
160 733 386 820 praeparabant.
408 729 507 804 Quare
522 728 739 818 Aristophanes
760 729 791 791 in
813 728 947 792 Nubibus
970 749 998 792 v.
1011 729 1073 794 636
1094 726 1212 795 induxit

68 824 217 898 ocratem,
245 837 328 901 quem
358 815 396 879 ad
422 815 538 878 modum
563 813 749 900 Protagorae
769 819 989 899 ceterorumque
1014 813 1210 902 sophistarum

68 903 139 1013 uuit,
161 899 231 964 Stre
252 900 328 964 siadi
347 899 403 1005 lips
424 899 510 1004 ipsas
527 896 675 963 doctrinas
697 896 829 1005 madere:

116 988 186 1134 tt?
200 984 884 1157 t.tlttttldttttt'tlttttttt..

123 1149 250 1234 Πότερα
267 1155 333 1238 περὶ
354 1152 474 1236 μέτρων
493 1151 514 1235 ἢ
536 1153 601 1237 περὶ
624 1153 705 1216 λαῶν
725 1149 744 1234 ἢ
767 1149 915 1236 ῥαθμῶνς

68 1259 114 1304 roe
140 1238 247 1303 deinde
279 1237 441 1302 accuratius
460 1239 670 1326 persequitur:
713 1243 815 1302 errant
841 1242 937 1300 autem
957 1233 1007 1320 qui
1032 1233 1090 1300 ista
1117 1236 1208 1302 verba

68 1325 108 1408 apl
128 1323 210 1387 λαῶν
231 1322 268 1386 ad
288 1322 392 1410 poesin
417 1322 568 1404 referunt,
590 1322 627 1386 dc
648 1342 705 1407 qna
725 1321 800 1385 nihil
826 1319 944 1385 omnino
965 1319 1036 1385 dicit
1056 1319 1207 1404 Socrates,

68 1427 127 1472 mro
153 1407 315 1495 respiciunt
346 1407 564 1494 grammaticam
594 1406 675 1470 illam
702 1404 878 1483 doctrinam,
910 1425 995 1489 quam
1022 1405 1207 1494 Protagoras

68 1489 223 1556 νθοέπεναν
233 1491 401 1580 appellavit,
423 1512 564 1576 quamque
585 1490 713 1579 illustrat
725 1489 863 1556 Socrates
885 1489 984 1552 iudea
1004 1510 1033 1552 v.
1045 1491 1110 1556 658
1124 1511 1207 1579 seqq.

68 1576 114 1642 rod
136 1578 147 1640 i
168 1598 201 1640 sc
223 1577 347 1641 comicus
368 1583 455 1664 poeta
475 1576 604 1641 fortasse
626 1576 724 1662 attigit
744 1576 775 1639 in
795 1574 892 1639 Ranis
913 1594 943 1639 v.
955 1574 1054 1640 1189:
1087 1599 1090 1604 ·

115 1598 183 1725 ’lle
204 1659 242 1743 δὴ
264 1659 347 1744 λίγ’·
371 1658 407 1723 od
429 1662 487 1743 γὰρ
508 1659 637 1739 μούστὶν
658 1657 728 1722 ἀλλ’
752 1655 905 1722 ἀκουστέα

125 1749 199 1808 Τῶν
219 1750 282 1808 σῶν
302 1740 460 1829 προλόγων
479 1749 534 1824 τῆς
555 1739 726 1826 ὀρθότητος
746 1748 807 1805 τῶν
828 1743 918 1806 ἐντῶν.
988 1786 992 1792 -

68 1834 75 1895 ’.
96 1828 179 1894 Plat.
198 1829 328 1903 Phaedr.
350 1829 451 1917 patu
466 1827 511 1891 D:
533 1821 754 1911 Πρωταγόρτια
777 1826 824 1903 bt,
847 1817 872 1889 ῶ
892 1818 1070 1908 Σώκρατες,
1093 1822 1150 1890 οὖν
1169 1818 1207 1909 ν’γν

68 1914 141 1979 inor
168 1913 285 1977 roroir'
310 1911 406 1994 ῶττα,·
448 1913 517 1975 ΣΩ.
543 1911 725 1995 Ὀρθοόπτια
751 1910 787 1993 γέ
810 1935 869 1987 τις,
898 1901 924 1973 oi
950 1917 1021 1991 nat,
1048 1913 1099 1973 καὶ
1126 1909 1206 1975 ἄλλα

68 1996 141 2067 »aab
166 2000 216 2063 καλ
239 1995 326 2062 καλό.
369 2017 539 2083 quamquam
560 1996 712 2062 Bormum
734 1996 847 2081 quidem
874 1994 926 2059 ille
946 1993 1028 2059 locus
1041 1996 1146 2084 [potius
1168 1995 1207 2063 ad

68 2083 159 2148 rodici
180 2088 271 2148 artem
292 2082 467 2147 referendus
491 2080 620 2162 videtur,
653 2081 702 2167 qui
723 2080 761 2145 de
789 2081 935 2144 sententia
975 2100 1048 2166 quae
1069 2081 1206 2147 subesset

68 2167 200 2249 sabulis,
221 2169 389 2254 quaerebat,
410 2166 475 2241 vid.
490 2165 577 2232 Plato
597 2165 781 2254 Protagoras
803 2187 832 2254 p.
848 2161 913 2230 340
934 2127 1062 2231 A..

122 2250 219 2317 Tales
241 2260 334 2316 autem
358 2251 558 2336 quaestioneS,
586 2251 688 2337 quales
717 2250 793 2338 apud
813 2248 1044 2338 Aristophanem
1066 2247 1205 2314 Socrates

68 2336 205 2424 repsiadi
224 2337 370 2425 proponit,
390 2336 586 2422 Protagoram
599 2335 771 2420 tractavisse
783 2335 854 2398 satis
877 2355 1021 2480 superque
1034 2343 1155 2424 apparet
1164 2355 1206 2400 ex

68 2421 217 2504 ristotele,
238 2422 282 2485 uti
303 2421 338 2486 de
360 2420 555 2508 sophistarum
577 2419 708 2484 elenchis
729 2440 754 2482 c.
778 2417 832 2484 ld:
862 2421 907 2481 Σο
927 2419 1065 2499 οικισμὸς
1085 2420 1120 2482 δὲ
1140 2415 1206 2491 οἷον

68 2504 94 2570 b
115 2505 199 2570 ἔστιν
218 2503 334 2588 εἴρηται
357 2502 517 2589 πρότερον·
548 2502 611 2567 ἔστι
633 2504 667 2566 δὲ
687 2507 779 2587 τοῦτο
806 2504 857 2565 καλ
885 2508 979 2583 ποιεῖν
999 2504 1050 2566 καλ
1070 2503 1115 2586 μὴ
1136 2529 1206 2568 πον-

68 2596 134 2653 ietur
154 2590 318 2696 palmadas
341 2592 391 2653 καὶ
413 2593 565 2699 apretiata!
578 2585 622 2668 μὴ
645 2589 761 2696 δογεῖν·
788 2581 930 2694 καθάπερ
953 2581 1206 2696 ὅιΠραρταγόρας

68 2697 162 2840 bledda
169 2676 258 2840 ἔεόηον
270 2699 453 2837 hildebolde?
464 2677 615 2840 plandicii
623 2674 761 2834 &radidit
787 2671 1206 2842 iqttpalpflqudpapofqlgqq

68 2869 120 2921 ug,
156 2841 173 2907 d
201 2845 235 2907 ds*
262 2842 464 2924 οὐλόμενον
490 2843 629 2928 φαίνεται
657 2842 728 2923 μέν,
759 2839 829 2904 ἀλλ’
854 2839 891 2904 osi
918 2843 1090 2919 σολοικίζω,
1127 2841 1206 2907 idem

68 2929 163 2993 hetou.
184 2927 238 2992 lll.
260 2930 296 2994 5:
327 2928 496 3012 Τέταρτον,
519 2923 560 3002 ῶς
580 2922 794 3011 Πρωταγόρας
814 2923 943 3010 τὰγένη
964 2930 1025 2991 τῶν
1046 2923 1206 3006 ὀνομάτων

68 3008 136 3098 Ιἦρεν
157 3010 196 3098 ῶρ
218 3037 269 3076 ενα
289 3014 340 3076 καὶ
361 3009 458 3093 θήλεα
480 3014 530 3075 καλ
552 3009 659 3094 σκεύη·
687 3013 736 3075 δεῖ
751 3010 810 3093 γὰρ
833 3007 1012 3074 ἀποδιδόναι
1034 3013 1085 3074 καλ
1106 3017 1206 3075 ταῦτα
1279 3058 1281 3062 »

68 3102 154 3172 ιθῶς.
196 3039 258 3161 lam
295 3118 359 3161 cunr
390 3097 459 3162 inde
491 3097 526 3160 ab
561 3096 771 3182 antiquissimis
803 3096 982 3196 temporibus
1015 3095 1144 3159 musicae
1175 3103 1206 3159 et

68 3181 247 3246 ‚ammaticac
275 3181 371 3246 studia
395 3182 507 3245 fuerint
534 3182 702 3262 coniuncta,
729 3198 803 3244 sane
829 3187 916 3243 otram
936 3179 1061 3266 Eupolis
1087 3179 1206 3244 induxit

68 3266 179 3352 iquem,
207 3266 257 3350 qoi
277 3274 426 3350 utramque
448 3266 608 3329 doctrinan
630 3265 784 3352 proderet,
809 3263 926 3328 videtur
947 3270 1042 3328 autern
1069 3263 1121 3328 ille
1141 3264 1206 3350 qui·

68 3371 159 3434 imque
179 3350 302 3415 ‘tandem
322 3350 394 3431 luit,
427 3350 464 3414 ad
484 3351 681 3439 sophistarum
702 3348 842 3412 novitiam
863 3348 944 3412 illam
965 3347 1149 3436 disciplinam
1163 3360 1204 3414 'se

68 3434 318 3516 commodavisse,
361 3455 517 3519 eorumque
549 3456 629 3498 more
657 3455 704 3498 ma
748 3454 794 3498 am
820 3432 1012 3496 institutionis
1026 3432 1204 3500 vmercedem

68 3519 196 3607 regisse,
216 3540 352 3605 quorsum
374 3525 486 3608 spectat
503 3519 577 3583 illud
599 3518 675 3604 quod
696 3454 804 3583 {vidos
825 3512 868 3582 T.
888 3516 944 3582 lll.
963 3537 993 3606 p.
1013 3517 1079 3584 683
1098 3517 1203 3583 affertr

68 3601 95 3686 νή
118 3637 161 3654 ···
181 3605 319 3686 opporteat
340 3603 373 3666 dd
393 3601 428 3666 τό
450 3603 521 3686 ds'pp·
542 3601 796 3678 ΕόαολνςΑἴξίν·
1042 3641 1044 3646 -

259 3687 342 3772 Ἕγῶ
363 3692 439 3752 τελῶ
459 3687 513 3751 τὸν
532 3684 661 3769 μισθόν,
683 3684 776 3751 ὅντιν’
800 3680 839 3749 dv
856 3688 929 3771 χρῇ.
1026 3700 1029 3704 ’

68 3792 207 3857 tamquam
228 3773 299 3836 mihi
320 3772 434 3859 quidem
455 3772 487 3836 in
508 3772 648 3837 hocloco
669 3771 743 3838 illud
761 3795 783 3852 χ
802 3775 822 3856 ᾔ
843 3791 903 3834 non
924 3776 984 3835 tam
999 3770 1200 3837 coniunctivus

68 3857 121 3920 rrbi
132 3857 336 3944 impersonalis
348 3856 464 3921 videtur
477 3878 555 3938 esse,
577 3857 630 3920 sed
651 3857 747 3944 potius
767 3795 844 3921 idem
858 3855 933 3940 quod
942 3852 1050 3941 χρήζῃ,
1071 3862 1201 3920 solvam

68 3947 210 4005 medem
231 3965 464 4024 ᾳααναοαναγαο
483 3947 726 4023 ροτταίααονλις
754 3941 802 4005 usi
824 3949 920 4005 autem
940 3940 997 4004 hoc
1016 3941 1109 4006 verbo
1131 3950 1200 4005 sunt

68 4025 193 4107 munus,
220 4025 398 4116 Sophocles,
429 4025 481 4090 alii
506 4025 599 4090 Attici
645 4031 744 4100 oetas,
774 4022 834 4090 vid.
862 4045 952 4113 supra
977 4046 1005 4113 p.
1027 4025 1091 4091 135
1112 4032 1142 4090 et
1167 4026 1200 4090 in

68 4113 266 4175 immermanni
286 4111 455 4176 Annalibus
476 4111 561 4176 1835
580 4132 610 4199 p.
691 4157 699 4175 .
720 4109 806 4174 Haec
827 4114 922 4173 autem
943 4116 1028 4198 pater
1048 4109 1129 4191 dicit,
1151 4111 1200 4195 qui

67 4195 112 4260 ios
133 4196 283 4282 sophistae
309 4197 353 4260 illi
374 4195 569 4261 instituendos
590 4194 794 4260 commendare
812 4193 886 4258 vult.
925 4193 1082 4281 Ingentem
1103 4200 1200 4260 autem

68 4279 198 4346 ercedem
226 4280 271 4345 illi
298 4280 435 4369 magistri
456 4280 581 4370 exigere
601 4279 753 4366 solebant,
780 4277 817 4344 de
839 4298 896 4364 qua
920 4299 956 4343 re
981 4279 1200 4345 accuratissime
