2760 4792
44 237 50 250 ·
106 207 169 276 1⁵2
489 197 901 271 COMMENTA'I'IONES-

103 339 215 441 nitatur
234 391 338 438 aevum
357 369 551 461 perspiciunt:
573 374 605 434 et
615 370 652 434 oh
664 367 696 435 id
709 367 807 457 ipsum
821 369 925 436 comici
938 377 1042 462 poetae
1052 368 1164 436 saeculi
1176 390 1274 436 mores

104 461 159 524 suh
179 456 317 524 iudicium
337 462 444 521 vocant
462 453 660 540 aequalesque
681 452 796 519 docent

188 557 252 626 Sed
277 565 310 624 ut
335 556 416 622 claro
447 555 546 641 aliquo
577 553 713 643 exemplo
740 552 952 637 demonstrem,
989 555 1058 640 quid
1089 555 1274 645 potissimum

20 657 25 669 '
104 644 224 730 antiqua
255 641 407 708 comoedia
437 640 486 707 his
518 639 629 706 sabulis
660 638 822 704 tractandis
849 646 950 739 secuta
976 641 1030 722 sit,
1061 640 1275 730 Aristophanis

103 728 208 794 Rauas
229 727 371 816 seligam,
397 726 430 790 iu
451 746 508 811 qua
529 723 631 825 sahula
649 722 800 823 Baechum
819 723 953 809 induxit,
979 721 1120 791 Herculis
1145 724 1276 827 speciem

104 813 288 895 ementitum,
321 819 458 961 tanquam
490 812 639 874 hommem
673 808 800 893 ahquem
831 829 958 891 vanum,
991 808 1124 893 mollem,
1158 809 1275 876 ellcmr·

104 907 220 962 natum:
263 894 295 962 id
324 916 380 981 quo
432 895 571 988 permulti
603 893 739 958 homines
767 893 845 959 docti
877 894 910 958 in
936 894 986 959 dei
1012 894 1217 963 mamuchan
1244 900 1277 961 et

103 983 272 1048 irrisionem
303 981 414 1046 factum
457 1002 525 1044 esse
567 985 762 1045 censuerunt:
804 1000 823 1042 a
883 1001 922 1056 ua
962 978 1139 1067 longissime
1180 978 1289 1045 abluit·

103 1074 190 1157 poeta
235 1068 282 1131 ius
316 1073 346 1130 et
373 1072 481 1129 castus.
527 1062 640 1131 Verum
667 1063 746 1135 euim
772 999 977 1128 verolamii
1003 1086 1132 1154 persona
1156 1065 1190 1130 in
1220 1063 1276 1130 illa

104 1173 185 1217 como
226 1153 255 1216 'a
284 1150 503 1238 Aristophanes
529 1149 572 1212 ita
603 1168 676 1212 usus
703 1153 766 1230 est,
798 1156 831 1212 ut
856 1148 1009 1236 ingenium
1040 1171 1136 1214 mores
1157 1171 1194 1215 ue
1222 1170 1276 1239 po·

104 1237 165 1324 puli
185 1235 381 1303 Atheniensis
403 1233 566 1297 clarissime
586 1232 747 1297 illustaret:
780 1253 876 1382 neque
906 1234 984 1299 enim
1006 1234 1065 1298 alio
1086 1170 1172 1300 modo
1192 1234 1276 1300 licuit

103 1325 197 1410 ipsam
217 1320 370 1384 veritatem
392 1319 513 1405 eiusque
534 1318 673 1407 speciem,
693 1316 726 1380 in
738 1337 795 1402 qua
835 1317 931 1382 elixus
953 1326 1018 1382 erat
1028 1325 1133 1407 poetae
1149 1319 1277 1403 animus,

104 1411 344 1494 repraesentare:
371 1403 453 1468 iners
476 1403 554 1467 enim
574 1402 683 1466 fuisset
703 1422 770 1484 ars,
796 1402 823 1466 si
844 1408 982 1488 tanquam
1001 1413 1277 1493 rerumgestarum

104 1491 245 1578 scriptor,
278 1494 413 1553 accurata
440 1494 470 1552 et
497 1486 658 1574 diligenter
684 1506 915 1572 unamquamque
941 1509 1005 1552 rem
1032 1496 1119 1577 poeta
1146 1490 1277 1557 comicus

104 1575 328 1664 descripsisset,
354 1572 430 1659 quod
455 1570 557 1640 vitium
579 1571 682 1660 graeci
706 1578 811 1660 poetae
832 1573 1047 1638 studiosissime
1067 1575 1099 1638 su
1124 1573 1208 1659 'uut,
1226 1596 1277 1641 us·

104 1661 249 1725 centiores
270 1679 342 1759 prae
364 1657 455 1721 nimia
474 1657 646 1743 ignorantia
666 1655 741 1720 recti
761 1656 849 1722 etiam
870 1657 1057 1722 adamarunt:
1120 1659 1182 1725 ttici
1203 1680 1277 1727 vcro

101 1744 206 1809 comici
227 1742 339 1829 antiqui
364 1744 562 1842 praesentiam
590 1739 627 1806 ad
654 1739 859 1831 pulcritudinis
887 1745 1015 1831 speciem
1034 1744 1170 1811 referunt
1189 1745 1277 1833 eique

103 1830 228 1894 formam
259 1833 483 1894 convenientem
509 1825 650 1909 induunt,
681 1824 724 1891 ita
756 1832 790 1891 ut
821 1826 947 1926 quidque
975 1828 1080 1917 vigere
1116 1835 1147 1895 et
1171 1830 1276 1898 uivere

103 1914 247 1979 videatur.
294 1911 407 1986 Bacchi
420 1952 425 1964 κ
438 1917 535 1976 autem
568 1932 726 2001 personam
757 1910 805 1975 ele
839 1918 852 1977 t
884 1919 987 2001 poeta,
1030 1914 1167 1999 quoniam
1198 1938 1276 2002 quae

103 2006 205 2064 essent
218 1998 448 2063 Atheniensium
468 1997 578 2061 iudicia
599 1996 636 2060 de
657 1993 755 2084 poesi,
776 1995 809 2058 in
829 1997 909 2061 icaro
930 1996 1037 2062 voluit:
1063 1998 1176 2066 Bacchi
1196 2001 1276 2068 euim

103 2085 135 2148 in
156 2083 248 2149 tutela
268 2088 354 2147 erant
365 2080 557 2146 solennitate
578 2079 649 2143 illae
671 2086 757 2164 etque
778 2078 849 2144 ludi.
871 2078 933 2145 Sed
953 2088 987 2148 ut
997 2082 1119 2167 quilibet
1129 2106 1276 2174 agnosce·

102 2176 166 2251 ret,
187 2167 256 2253 quid
297 2173 363 2231 oeta
383 2165 474 2228 vellet
493 2165 549 2227 hac
568 2162 700 2262 imagine
721 2163 908 2250 significare,
930 2168 1029 2232 omnia
1048 2168 1120 2251 illa,
1147 2191 1227 2263 qusq
1242 2172 1275 2237 in

102 2188 337 2317 Atheniensillus
365 2248 418 2314 illo
438 2254 569 2336 tempore
590 2246 841 2312 ammadvertebat
861 2249 1051 2337 castiganda,
1079 2254 1112 2319 in
1133 2254 1182 2325 dei
1206 2276 1275 2345 sps·

103 2339 177 2401 ciem
209 2334 367 2400 transtulit
410 2331 512 2418 ltaque
539 2331 688 2396 Bacchum
720 2332 854 2415 induxit,
882 2354 966 2419 quem
992 2335 1140 2404 Xanthias
1168 2361 1275 2407 seruus

103 2421 176 2485 satis
198 2441 309 2510 procax
330 2417 477 2505 sequitur,
498 2424 531 2482 ut
550 2437 612 2481 nou
633 2417 757 2482 obscure
778 2418 937 2502 indicaret,
958 2418 1087 2488 Athenis
1108 2423 1275 2493 libertatem

102 2507 135 2571 in
156 2506 276 2571 nimiam
297 2503 480 2574 convertisse
501 2503 665 2583 licentiam,
696 2503 739 2568 ita
765 2511 797 2568 ut
824 2504 910 2569 etiam
935 2507 1016 2572 servi
1037 2508 1110 2573 satis
1137 2516 1275 2598 proterve

103 2590 262 2656 illuderent
292 2591 390 2654 heris:
422 2586 589 2676 superbiam
621 2594 717 2652 autem
748 2595 778 2653 et
803 2588 951 2655 licentiam
984 2594 1172 2660 servitiorum
1205 2603 1275 2661 tunc

123 2676 190 2740 lane
219 2674 394 2740 effrenatam
420 2674 515 2739 tuisse
543 2678 667 2736 testatur
687 2672 773 2738 Xeno
793 2674 854 2738 hou
879 2675 912 2739 in
932 2673 1161 2744 Atheniensium
1186 2701 1275 2769 repu-

102 2698 180 2824 llica
200 2782 226 2825 c.
247 2760 272 2824 l.
295 2761 336 2824 10
357 2778 452 2843 seqq:
475 2758 627 2845 tangitque
649 2695 865 2846 Aristoplaues
887 2760 1005 2849 saepius
1033 2764 1065 2827 in
1087 2764 1143 2830 hac
1162 2764 1274 2849 fabula,

103 2847 152 2909 uhi
173 2843 323 2908 Bacchum
342 2843 446 2907 herum
467 2850 602 2927 tauquam
623 2843 704 2908 servi
724 2842 875 2908 Xanthiao
895 2866 1013 2911 servum
1039 2848 1104 2912 fere
1131 2849 1273 2915 exhihuit.
1317 2858 1320 2863 '

102 2929 271 2995 Licentiam
292 2949 446 2993 servorum
467 2928 547 2993 clare
567 2927 718 2994 illustrant
736 2928 790 2993 illa
810 2927 935 3023 adol,
956 2931 1007 2996 uhi
1017 2930 1154 3000 Bacchus
1175 2934 1231 3000 ait:

180 3028 244 3093 ”loa
265 3053 319 3093 νον
339 3027 441 3110 ἐπειδὴ
462 3033 614 3117 λημανιᾷς
643 3027 800 3114 κάνδρεῖος
820 3025 850 3094 εἴ
1136 3042 1138 3046 “

187 3112 235 3178 Σὺ
255 3114 312 3194 μὲν
331 3119 419 3199 γενοῦ
436 3111 512 3197 'yoi,
535 3112 571 3177 τὸ
593 3109 730 3200 ῥόπαλον
749 3117 834 3180 τουτὶ
856 3113 962 3198 λαβὼν

186 3201 253 3265 Καὶ
274 3198 331 3282 τὴν
351 3203 489 3281 λεοντῆν,
519 3197 601 3284 εἴπερ
624 3194 900 3283 ἀφοβόσπλαγχνος
921 3197 960 3266 sl·

184 3282 262 3369 Ἐγὼ
283 3283 319 3349 δ’
343 3281 455 3364 ἴοομαί
473 3307 523 3350 σοι
544 3281 733 3371 σκευοφόρος
753 3285 786 3348 ἓν
806 3291 849 3373 τῷ
869 3285 965 3372 μέρει.

103 3384 199 3450 Multo
225 3393 322 3451 autem
348 3387 476 3452 maxime
503 3386 594 3450 animi
622 3407 774 3452 servorum
797 3387 905 3452 sublati
932 3395 1017 3473 sunt,
1044 3411 1109 3456 cum
1135 3393 1217 3458 servi
1242 3392 1276 3458 iu

104 3472 335 3537 communionem
356 3471 477 3536 militiae
492 3470 605 3553 vocati,
627 3472 676 3557 qui
707 3493 805 3559 ugnae
819 3472 1037 3574 adArginusas
1058 3476 1275 3560 mtersuisseut,

104 3556 221 3621 civitate
242 3562 346 3620 esseut
365 3556 482 3636 denati3
509 3555 607 3642 itaquo
628 3578 657 3620 v.
706 3625 709 3631 ,
743 3578 849 3622 servus
871 3558 959 3624 dicut:

191 3655 286 3738 Οἴμοι
307 3657 520 3736 κακοδαίμων,
547 3658 580 3722 τί
597 3655 656 3741 γὰρ
680 3656 738 3742 lyei
759 3655 816 3723 ocis
837 3656 1052 3745 ἓνουμᾶχοοκς

183 3733 232 3807 Ἦ
248 3736 305 3806 τᾶν
325 3765 359 3805 σε
380 3737 507 3806 κωκύειν
532 3738 572 3806 ἂν
593 3743 729 3808 ἐκέλευον
747 3740 864 3829 μακρά.

187 3841 391 3908 Athenienses
412 3842 491 3907 euim
510 3843 570 3909 ism
595 3844 751 3933 plurimum
773 3867 792 3910 a
811 3846 954 3912 maiorum
979 3845 1153 3913 fortitudine
1177 3868 1280 3914 mess·

104 3936 206 3994 serant
226 3935 257 3992 et
276 3926 394 4015 plurimi
407 3928 538 3993 militiam
550 3928 768 4012 detrectabant,
789 3933 922 4016 quamvis
943 3933 1118 4020 saepissime
1139 3931 1279 3999 virtutem

103 4020 134 4079 et
153 4035 204 4081 res
223 4013 343 4079 furtim
368 4019 471 4100 gestas
492 4023 662 4114 creparent:
687 4015 785 4100 itaque
825 4022 894 4081 oeta
918 4017 1060 4100 instituit,
1086 4023 1119 4081 ut
1139 4016 1278 4083 Bacchus

103 4099 211 4164 fortem
241 4118 276 4163 ss
304 4097 401 4163 videri
428 4097 519 4163 vellet
550 4099 742 4186 mdueretque
777 4037 885 4166 aalma
911 4101 1098 4187 hahitumque
1125 4101 1280 4186 Herculis,

102 4184 145 4335 pta
165 4188 322 4335 tarpen'up
336 4181 467 4335 vpgtigia
486 4182 627 4270 quaedam
647 4183 759 4250 Bacchi
779 4185 884 4252 relicta
903 4193 1020 4271 esseut,
1040 4187 1140 4272 itaque
1160 4185 1278 4253 Hercu·

114 4290 148 4335 es
169 4290 197 4335 m
217 4289 256 4334 eu
322 4312 331 4335 .
403 4289 411 4332 ε
