2760 4792
132 237 177 304 οε
228 167 230 172 ’
517 205 923 296 counrnuufflouss

132 402 175 468 Τ.
200 400 241 467 11.
272 422 302 490 p.
328 400 404 465 aab.
429 403 568 463 statuere.
616 395 667 461 De
696 393 839 460 sumtibus
867 389 1187 482 magnificentissimis,
1232 413 1307 480 quos

133 486 204 554 fecit
224 495 294 551 tunc
313 485 431 564 Nicias,
458 482 518 547 vid.
539 480 717 545 Plutarchus
738 481 791 544 ‘vit
812 480 917 544 Niciae
940 501 966 545 c.
986 482 1018 547 3.

219 585 373 653 Cratinum
404 582 498 670 igitur
531 581 619 646 credo
653 582 710 646 hac
736 581 953 670 opportunitate
980 602 1065 646 usum
1086 599 1154 646 esse
1177 600 1213 646 eo
1239 581 1309 646 fere

133 678 280 762 tempore,
317 688 372 755 quo
397 668 522 757 primum
549 687 635 731 sacra
665 665 830 754 legatioin
852 665 962 730 Delum
982 666 1109 731 insulam
1131 665 1224 730 missa
1244 673 1307 731 est:

133 776 305 844 quamquam
332 752 401 838 quid
431 752 616 841 potissimum
648 751 824 841 spectaverit
854 758 943 841 poeta
975 773 1015 816 ex
1040 750 1141 841 paucis
1173 750 1309 843 reliqniis

133 863 195 907 non
215 845 312 929 potest
331 839 476 927 perspici,
508 837 635 903 maxime
662 845 761 907 mmou
780 836 934 924 probabile
955 843 1016 918 est,
1056 836 1235 903 comoediam
1256 858 1308 904 res

134 926 250 991 divinas
272 945 334 988 com
356 923 540 991 rehendisse.
582 922 726 986 Deliudes
755 927 851 986 autem
878 920 955 1006 quod
970 922 1145 1010 inscripsit,
1188 923 1310 989 choram

57 1035 60 1042 ·
134 1032 175 1075 ex
208 1010 282 1099 ipsis
312 945 373 1073 illis
406 1008 578 1073 mulieribus
609 1007 777 1070 constitisse
803 1013 1032 1071 cousentaneum
1060 1015 1115 1074 est.
1163 1006 1310 1072 Dehades

135 1102 232 1160 autem
253 1093 417 1183 appellatae
445 1099 515 1157 sunt
541 1091 708 1155 sacerdotes
734 1091 870 1178 virgines
890 1089 1059 1178 Apollinis:
1094 1092 1138 1158 sic
1158 1091 1311 1158 Homerus

135 1181 169 1246 in
189 1179 311 1267 Hymno
333 1179 365 1242 iu
386 1175 556 1265 Apollinem
577 1196 606 1238 v.
629 1177 706 1240 1⁵7:

220 1281 344 1363 Κοῦραι
365 1273 534 1360 Δηλιάδες,
550 1270 791 1356 Ἕκατηβελέταο
814 1270 976 1361 θεράπναι,

220 1363 313 1440 At'a’,
334 1362 396 1426 έπελ
418 1359 459 1449 dp
481 1365 604 1446 πρῶτον
624 1359 680 1442 μὲν
697 1357 879 1425 Ἀπόλλων’
902 1356 1088 1443 ὑμνήσωσιν,

220 1439 323 1523 Λάτις
343 1444 375 1512 δ’
401 1439 441 1509 αὖ
461 1442 563 1529 Λητώ
585 1470 617 1509 τε
639 1445 690 1508 καλ
703 1443 860 1527 ’Ἄρτεμιν
881 1443 1036 1527 ἰοχέαιραν

220 1527 444 1615 Μνησάμενοι,
466 1530 588 1617 ἀνδρῶν
607 1553 639 1594 τε
661 1535 801 1594 παλαιῶν
822 1529 878 1611 ἠδὲ
897 1534 1049 1613 γυναικοῖν
1117 1615 1119 1618 .

214 1613 333 1697 Ὕμνον
354 1615 516 1694 άεέδοοσιν,
540 1613 690 1700 θέλχοοσί
694 1648 696 1651 ·
707 1639 740 1680 τε
762 1614 837 1702 φῦλ’
861 1613 1045 1700 ἀνθρώπων.

221 1699 356 1769 Πάντων
377 1701 408 1764 δ’
433 1696 607 1787 ἀνθρώπων
628 1700 733 1786 φωνάς
753 1702 804 1765 καὶ
826 1698 1074 1786 κρεμβαλιαστδν

102 1827 105 1832 ·
223 1785 378 1867 Μιμεῖαθ’
401 1785 518 1851 λὀασιν·
540 1786 618 1872 φαέη
640 1785 676 1849 δέ
695 1810 744 1849 κεν
766 1784 859 1861 αὐτὸς
880 1785 1007 1860 ἕκαστος

225 1869 423 1956 matyyeoa'·
447 1868 527 1937 οὕτω
547 1895 621 1957 σφιν
642 1869 721 1953 καλὴ
742 1866 912 1956 συνάρηρεν
932 1866 1032 1954 άοιδή.

139 1972 298 2063 Euripides
318 1973 351 2038 in
372 1972 504 2038 Hercule
524 1971 658 2036 Furente
678 1993 708 2038 v.
729 1973 807 2040 6872

225 2075 354 2137 Παιᾶνα
374 2073 430 2154 μὲν
450 2067 605 2155 Δηλιάδες
652 2092 657 2103 “

219 2153 371 2238 Ὕμνοῦσ’
396 2156 477 2241 ἀμφὶ
504 2154 604 2231 πάλας
624 2154 677 2219 τδν

225 2245 359 2316 Λατοῦς
384 2238 516 2305 εάπαιδα
540 2237 629 2324 μόνον

225 2324 423 2391 Εἱλέσσονσοι
445 2325 636 2410 καλλίχορον.

142 2433 216 2498 quae
237 2411 338 2477 nescio
360 2432 399 2476 an
420 2411 464 2476 sic
485 2411 546 2476 sint
567 2408 763 2475 emendanda:

226 2497 355 2560 Παιᾶνα
375 2495 432 2578 μέν
448 2490 603 2578 Δηλιάδες

221 2576 371 2662 Ὑμναῦσ’
396 2579 491 2667 ἄμφ’
516 2578 733 2644 ἀπέλαστον

226 2667 360 2742 Λατοῦς
380 2663 512 2730 εάπαιδα
531 2660 630 2749 γόνον.
1232 2730 1235 2734 ⁴

143 2750 225 2824 Quae
251 2750 367 2836 quidem
388 2752 497 2840 scripta
525 2750 663 2814 videntur
683 2748 796 2813 receuti
816 2749 958 2815 memoria
987 2773 1137 2818 sacrorum
1163 2752 1321 2831 instaur&

142 2842 255 2918 torum,
287 2840 320 2901 ut
345 2833 455 2924 Apollo
485 2834 657 2909 ἀπέλαοιος
683 2841 802 2898 vocetur
828 2842 949 2923 propter
970 2837 1064 2903 diram
1085 2838 1166 2905 illam
1187 2848 1333 2940 pestem,

143 2921 226 2986 cuius
253 2926 355 2985 auctor
380 2942 448 2986 esse
478 2921 514 2985 ab
535 2919 770 2985 Atheniensibus
791 2920 1008 3008 perhibebatur.
1051 2922 1238 3010 Praepositio
1260 2943 1317 2988 an·

144 3012 202 3070 tem
223 3004 266 3069 ita
276 3006 483 3094 propemodum
505 3011 551 3070 est
571 3012 710 3093 usurpata
732 3011 763 3068 ut
784 3026 835 3069 sae
856 3028 872 3069 e
894 3006 925 3068 in
947 3006 1067 3093 hymnis
1089 3008 1317 3095 sacrisquecar·

143 3090 288 3173 minibus,
323 3097 354 3155 nt
374 3098 421 3155 est
441 3090 519 3178 apud
539 3088 771 3177 Aristophanem
791 3091 824 3155 in
875 3091 994 3157 ubibus:

222 3189 384 3277 Ἅμφέμοι
406 3182 479 3255 οὗτε
498 3187 590 3271 Φοῖβ’
614 3187 692 3266 άναξ

229 3271 341 3357 Δάλιε,
362 3275 508 3340 Κυνθίαν
529 3273 606 3357 έχων

225 3356 418 3445 Ὑψικέρατα
439 3361 562 3444 πέτραν.
1270 3403 1273 3418 ·

145 3451 176 3509 et
196 3443 281 3510 alibi:
304 3466 474 3530 quamquam
494 3446 543 3509 hic
564 3467 664 3511 casum
684 3446 847 3533 legitimum
860 3445 1024 3510 adiunctum
1038 3447 1135 3511 hahet.
1174 3444 1318 3514 ceterum

144 3528 296 3624 Euripidis
328 3530 482 3679 trapoedia
511 3530 628 3594 videtur
652 3552 714 3594 non
740 3530 830 3596 multo
863 3541 930 3618 post
955 3533 1087 3595 morbum
1115 3531 1197 3595 illum
1225 3531 1320 3619 pesti·

144 3615 258 3716 lerum,
294 3616 343 3764 pulli
400 3615 505 3679 thenas
531 3615 675 3698 vastavit,
708 3616 818 3705 scripta
844 3637 921 3681 esse.
964 3615 1102 3703 Denique
1129 3616 1208 3682 idem
1229 3623 1320 3705 poeta

145 3698 223 3764 duxit
242 3721 275 3762 un
329 3699 421 3764 ecuba
440 3722 469 3764 v.
489 3698 570 3766 4552

223 3780 272 3846 Ἢ
287 3779 389 3847 νάσων
410 3779 526 3869 άλιήρει

229 3863 334 3957 Κῶπη
354 3870 549 3950 πεμπομένων
569 3863 716 3933 τάλαιναν

234 3952 370 4038 Ολκτράν
389 3950 498 4035 βιάταν
519 3952 656 4039 άχοοσαν
678 3953 781 4032 οἴκοις,

224 4034 334 4103 Ἔνθα
354 4035 547 4124 πρωτογόνος
571 4063 603 4103 τε
626 4039 737 4126 φοίνιξ,

232 4118 351 4209 Δάφνα
372 4121 409 4188 θ’
434 4124 534 4210 ἱεροὺς
555 4121 660 4206 ἀνέσχε

232 4205 404 4294 Πτάρθονς
423 4213 536 4275 Λατοῖ
553 4208 630 4298 pop

230 4289 353 4371 Ὠδῖνος
372 4291 499 4378 άχαλμα
517 4293 605 4376 diac,-
