2760 4792
103 230 168 299 ³³8
481 217 885 294 conutssu'rh'ssouns

103 396 246 485 quomodo
265 395 307 461 sit
324 389 548 481 intelligendum
569 414 630 458 non
648 392 812 481 perspicio,
838 391 945 543 scripsi
970 390 1064 481 igltur
1085 384 1267 471 ξυνεκομίς,

104 490 138 548 ut
160 482 285 546 Phaeux
315 473 428 545 dicatur
465 480 556 544 multa
590 478 690 567 paucis
721 478 896 565 comprehen
917 498 969 541 erc
996 476 1106 543 verbis.
1148 476 1267 543 Deinde

104 566 207 652 σαφὴς
228 566 357 652 legitur3
400 562 452 629 sed
473 565 707 651 perspicuitatem
729 563 808 627 iuter
833 562 976 626 orationis
996 562 1121 627 uirtutes
1143 562 1182 627 ab
1202 562 1267 629 isli!

103 652 258 725 iuuenibus
285 649 394 713 referri
418 670 520 738 parum
546 659 593 713 est
617 648 783 735 probabile,
815 668 905 731 ηαστε
932 652 983 710 ant
1010 644 1198 713 scribendum
1218 650 1267 711 καὶ

104 734 235 821 σορός,
263 742 313 798 aut
334 732 409 820 quod
436 733 570 822 reposui,
592 728 781 816 κδοαοῆς,
809 738 840 794 nt
860 731 1078 819 Aristophanes
1106 751 1189 797 moro
1216 752 1267 797 suo

104 822 200 887 subito
229 817 343 883 laudem
364 819 395 882 in
417 818 517 882 vitium
539 817 728 882 converterit:
758 817 875 880 ultimus
896 838 1001 880 versus
1022 816 1095 881 satis
1115 824 1268 905 suspectus

104 913 165 989 cst,
187 906 243 969 etsi
263 903 374 992 poteris
393 903 605 991 interpretandi
626 902 769 965 rationem
790 901 882 981 inire,
902 902 1000 986 itaque
1020 903 1221 967 conieceram:

187 999 514 1087 Καταπληκτικός
534 1001 563 1067 τ’
588 1000 699 1087 ἄριστα
721 1007 776 1065 τοῦ
798 1006 1019 1085 θορυβητικοῦ.

104 1115 136 1173 ut
148 1106 273 1173 Phacax
290 1104 404 1171 dicatur
414 1104 520 1193 optimo
536 1103 635 1193 populi
649 1124 782 1202 rumores
793 1104 987 1203 comprimere
997 1124 1097 1203 posse,
1117 1102 1196 1251 ephod
1207 1104 1269 1189 qui-

103 1187 1270 1364 tbdthttddhAlth?tltdfttblltlPtdhhtltt

103 1362 145 1425 13
166 1360 247 1424 illum
260 1379 324 1423 non
341 1359 413 1421 satis
426 1357 553 1421 feliciter
566 1357 698 1446 pericula
718 1357 1014 1423 causarumeuasisse
1034 1357 1119 1423 dicit:
1144 1359 1270 1421 Φαιάκα

104 1443 135 1508 δ’
159 1440 347 1531 ἀρχόμενον,
390 1438 490 1525 ὥσπερ
529 1438 621 1517 αὐτός
632 1489 642 1518 ,
685 1436 892 1519 αὐξάνεσθαι,
935 1438 1003 1507 τότε
1030 1446 1081 1506 καί
1107 1444 1271 1591 ηνωρίμων

103 1527 177 1594 ὄντα
198 1527 350 1611 πατέρων,
372 1521 591 1608 ἐλαττούμενον
611 1527 645 1590 δέ
665 1534 729 1601 τοῖς
749 1524 778 1590 τ’
802 1523 907 1601 ίίλλοις
927 1529 979 1590 καὶ
1001 1528 1067 1610 περὶ
1088 1552 1106 1591 τ
1125 1553 1144 1591 ν
1164 1522 1254 1611 λόγον

103 1612 286 1714 ἐντευκτικὸς
312 1611 377 1717 γὰρ,
393 1613 457 1674 ἰδία
482 1614 532 1673 καί
558 1607 812 1709 πιθανδςιίδόκει
838 1615 958 1710 μᾶλλον
979 1608 999 1695 ἢ
1020 1612 1124 1698 φέρειν
1149 1612 1270 1695 «lycinum

103 1700 135 1763 ἓν
154 1692 247 1797 δήμω
265 1698 412 1796 δυνατός..
434 1675 557 1796 lnanem
577 1696 724 1795 Phaeacrs
745 1694 977 1796 loquacitatem&
1004 1718 1066 1805 ουρ
1081 1718 1101 1761 a
1126 1718 1270 1805 germurpu

103 1782 269 1931 ellpqupptra
288 1780 462 1867 longrssrmc
483 1782 576 1865 absrt,
606 1786 688 1845 notat
707 1802 771 1869 rpse
793 1780 916 1870 Eupohs
937 1782 978 1846 rhr
1000 1803 1024 1847 .:
1058 1784 1112 1845 Ην
1131 1806 1208 1869 γαρ,
1228 1806 1270 1859 ως
1297 1807 1305 1818 ·

130 1891 189 1932 οπο
220 1887 351 1951 ςφηοι·

186 1954 307 2015 Λαλεῖν
327 1948 467 2035 ἄριστος,
487 1944 720 2023 ἀδυνατώτατος
742 1946 845 2031 λέγειν.

105 2051 238 2118 Callidus
260 2058 357 2116 tamen
379 2058 409 2114 ot
428 2065 565 2114 uersutus
585 2050 660 2136 fuit,
680 2050 719 2113 cf.
741 2048 899 2115 Schohast
918 2048 1074 2139 Aristoph.
1093 2048 1171 2137 qu.
1191 2050 1213 2117 l.
1233 2050 1268 2117 Ι.ι

104 2137 213 2213 Δεινὸς
233 2132 335 2221 ῥήτωρ
357 2130 374 2198 ὃ
398 2136 501 2209 Φαίαξ
528 2124 632 2211 οὗτος,
661 2130 703 2208 ὡς
724 2136 774 2196 καὶ
802 2132 969 2220 ἀποφυγεῖν
995 2138 1042 2200 dul
1063 2134 1196 2221 θανάτῳ
1216 2133 1264 2201 ἐπ’

105 2218 277 2305 αὐτοφώρῳ
309 2215 491 2299 κρινόμενος.
533 2226 563 2282 et
588 2220 625 2282 oh
651 2218 682 2282 id
707 2218 820 2305 ipsum,
863 2228 895 2283 ut
920 2220 1060 2303 condicio,
1102 2220 1268 2307 Dionysius

105 2307 235 2370 aheneus
254 2308 287 2370 in
307 2303 424 2389 Elegiis
445 2302 520 2391 apud
542 2303 728 2366 Athenaeum
747 2302 815 2372 XV.
836 2325 864 2391 p.
885 2305 950 2372 669
959 2304 1001 2371 D.
1023 2326 1089 2373 enm
1109 2306 1267 2373 eobanum

181 2404 315 2485 Ὕμνους
336 2407 479 2484 οἰνοχοεῖν
500 2404 633 2479 ἐπιδέξια
654 2405 705 2467 σαί
723 2427 755 2467 τε
778 2406 827 2466 καί
848 2400 930 2487 ἡμῖν,

258 2486 355 2552 Τόνδε
376 2488 432 2551 σδν
458 2488 587 2574 ἀρχαῖον
613 2487 782 2571 τηλεδαπόν
802 2514 834 2553 τε
856 2489 946 2574 φίλον

187 2576 310 2658 Είρεοίη
331 2572 470 2655 γλώσσης
491 2574 715 2655 ἀποπέμψομεν
735 2576 777 2648 είς
796 2575 892 2657 μέγαν
914 2570 1000 2637 αίνυν

259 2658 357 2721 Torid'
377 2659 425 2723 tul
447 2661 631 2738 συμποσίου·
654 2655 788 2741 δεξιότης
808 2683 840 2722 τε
861 2655 952 2741 λόγου

190 2744 328 2817 Φαίακος
348 2747 490 2807 Μουσῶν
514 2744 618 2827 ἐρέτας
638 2744 685 2807 ἐπὶ
709 2743 846 2821 σέλματα
868 2744 988 2825 πέμπει.

103 2842 189 2909 Bello
219 2843 472 2931 Peloponnesiaco
495 2844 611 2932 Olymp.
633 2843 795 2909 LXXXIX
821 2844 853 2907 in
873 2843 989 2909 ltaliam
1016 2851 1047 2909 et
1066 2842 1199 2911 Siciliam
1228 2844 1271 2911 le·

105 2941 191 3016 gatus
220 2929 328 2991 missus
355 2936 421 3010 est,
453 2938 485 2992 ut
505 2929 589 2993 docet
609 2929 802 3015 Thucydides
823 2928 865 2993 L.
885 2927 924 2998 V·
945 2951 970 2993 c
991 2927 1028 2995 4:
1073 2932 1177 3006 Φαίαξ
1198 2926 1270 2995 δέδ

101 3010 340 3097 Ἐρασιστράτου
360 3016 461 3096 τρίτος
482 3010 589 3089 αὐτός,
623 3014 795 3095 Ἀθηναίων
821 3012 1017 3095 πεμπόντων,
1042 3017 1132 3079 ναυσί
1159 3010 1218 3081 delo
1238 3016 1272 3093 ές

101 3097 231 3161 Ἰταλίαν
253 3103 301 3160 καί
324 3101 464 3161 Σικελίαν
485 3096 670 3181 πρεσβευτὴς
690 3095 750 3160 ὑπὸ
772 3098 825 3161 τὸν
846 3097 940 3162 αὐτὸν
958 3098 1070 3181 χρόνον
1086 3100 1271 3175 ἐξέπλευσεν.

105 3182 253 3248 Conleras
274 3193 427 3271 praeterea
457 3206 483 3247 c.
503 3184 534 3247 5.
576 3180 674 3246 Etiam
702 3204 764 3247 cum
787 3183 942 3248 Alcibiade
987 3204 1074 3248 raves
1100 3184 1271 3249 inimicitius

105 3268 252 3331 exercuit:
273 3290 339 3331 num
351 3269 415 3356 ipsc
432 3288 544 3353 qnoque
556 3267 724 3376 popularem
728 3269 928 3415 principatum
941 3204 1104 3333 adectnvit:
1125 3268 1187 3335 rid.
1199 3268 1274 3335 Plu·

104 3353 196 3415 tarch.
219 3373 254 3416 eo
275 3352 349 3433 loco,
370 3374 453 3437 quern
466 3352 545 3416 dixi:
578 3354 651 3417 Επελ
672 3350 704 3415 δ’
750 3358 844 3438 φῆκεν
866 3348 960 3416 αδτδν
980 3354 1021 3427 είς
1041 3352 1098 3435 τὴν
1118 3356 1274 3419 πολιτείαν

104 3434 146 3500 έτι
167 3434 322 3520 μειράκιον
343 3436 401 3513 dlv,
444 3438 516 3514 τοὺς
536 3438 591 3518 μέν
612 3434 723 3513 ἄλλους
744 3436 1038 3512 conterraneorum
1059 3436 1272 3524 δημαγωγούς,

103 3520 206 3605 ἀγῶνά
227 3546 259 3585 τε
286 3516 343 3601 είχε
370 3518 445 3605 πρός
465 3547 497 3586 τε
522 3522 646 3585 Φαίακα
666 3521 720 3586 τὸν
736 3520 779 3585 'E
798 3518 984 3607 ασιστρότου
1011 3525 1061 3585 καί
1083 3526 1199 3587 Νικίαν
1217 3524 1273 3589 τδν

104 3604 292 3685 Νικηράτου.
334 3605 445 3669 Postea
470 3628 541 3670 vero
572 3629 637 3671 cum
657 3547 813 3672 Alcibiade
839 3606 872 3672 in
899 3608 1026 3707 gratiam
1046 3608 1136 3673 rediit
1160 3618 1193 3675 ct
1212 3629 1274 3677 nnn

104 3712 168 3754 cum
190 3691 241 3754 illo
264 3696 361 3753 auctor
377 3691 443 3771 luit,
464 3698 497 3754 ut
509 3690 700 3780 Hyperbolus
714 3692 879 3757 inexilium
895 3692 1061 3775 euiceretur,
1081 3693 1142 3760 vid.
1152 3692 1276 3761 Plutar-

104 3775 176 3839 chus
201 3774 288 3862 paulo
316 3775 455 3839 interius:
494 3771 551 3852 Ὡς
580 3774 614 3839 δ’
637 3774 713 3840 ένιοί
737 3801 848 3863 φασιν,
881 3776 918 3841 od
945 3776 1022 3860 πρὸς
1050 3782 1164 3843 Νικίαν
1191 3778 1272 3845 ἀλλὰ

104 3858 181 3942 πρὸς
214 3858 337 3921 Φαίακα
366 3862 555 3941 διαλεχθείς,
599 3864 649 3925 καί
681 3861 737 3944 τὴν
769 3862 881 3926 ἐκείνου
907 3862 1094 3945 προσλαβών
1124 3862 1272 3951 ἑταιρίαν,

103 3940 229 4025 ίξήλασε
249 3943 302 4007 τόν
319 3940 521 4027 Ὑπέρβολον,
544 3945 613 4009 οὐδ’
637 3943 675 4009 dv
702 3947 965 4032 προσδοκήσαντα.
1006 3945 1161 4015 Praetoris
1182 3950 1274 4017 ellam

103 4049 224 4092 munere
244 4028 361 4092 functus
384 4050 451 4093 esse
472 4031 602 4113 uidetur,
625 4032 651 4095 si
672 4032 767 4097 uidem
783 4032 939 4120 Diogenes
959 4032 1104 4098 Laertius
1125 4034 1167 4100 L.
1175 4026 1272 4101 11⁶3

103 4112 174 4175 dicit
192 4112 371 4177 Aeschinem
393 4112 525 4178 Socratis
552 4052 723 4204 disciprllum
750 4117 912 4182 orationem
938 4118 998 4181 scri
1018 4117 1112 4201 sisse,
1142 4140 1200 4205 qna
1219 4118 1274 4185 de-

102 4197 231 4261 lenderit
251 4206 363 4286 putrem
386 4198 627 4286 (Erasistratum)
649 4199 796 4265 Phaeacis
817 4202 976 4290 praetoris:
998 4138 1070 4267 licit
1088 4204 1185 4269 enim:
1211 4196 1274 4269 Ἦν

103 4282 136 4344 δέ
156 4285 206 4345 καί
233 4285 266 4345 ἓν
292 4291 356 4357 τοῖς
384 4281 555 4369 ῥητορικοῖς
582 4286 693 4363 ἱκανῶς
717 4286 974 4371 γεγυμνασμένος,
1006 4283 1049 4363 ὡς
1069 4289 1164 4371 δῆλον
1183 4286 1219 4355 έν
1238 4306 1273 4356 τε
