2760 4792
155 227 221 297 85⁰
543 221 947 299 HOHMHNTATIHNES

154 418 220 461 nam
248 416 309 459 uon
333 394 343 459 i
365 416 399 458 se
424 392 557 458 Pericles
589 392 775 475 haecdicit,
815 392 870 461 sed
892 390 1088 480 Mycenida,
1130 393 1182 479 qui
1208 392 1328 481 quidem

154 481 318 546 rectissime
339 415 466 544 Periclis
488 486 518 543 et
539 479 728 567 Hippocratis
749 479 843 560 filios,
871 478 976 580 quippe
997 478 1047 563 qui
1067 477 1191 580 ingenio
1212 484 1245 544 et
1266 500 1330 545 σισ-

155 567 238 630 ribus
266 564 406 629 simillimi
438 571 553 645 essent,
586 565 731 628 allinitate
761 570 858 628 autem
889 563 1138 645 coniunctissime,
1170 584 1234 628 com
1257 564 1330 631 onit.

158 651 352 738 Hippocrates
375 649 451 712 enim
472 658 557 736 pater
579 649 656 712 lilius
678 649 734 713 luit
754 648 946 735 Ariphronis,
966 646 1178 735 vidThneyd.
1247 650 1329 715 aaz

151 732 356 818 Ἱπποκράτην
382 758 413 797 τι
440 732 494 796 τὸν
515 732 695 818 Ἀρίφρονος
721 735 771 795 καλ
792 732 1002 815 Δημοσθένην
1027 731 1081 797 τδν
1102 731 1330 810 Ἀλκισθένους.

157 820 310 907 Ariphron
332 840 419 905 porro
431 817 593 905 Xanthippi
610 819 701 899 filius,
724 818 851 881 Periclis
869 824 965 883 autem
978 819 1082 899 irater,
1102 817 1163 882 vid.
1173 816 1330 885 Plutarch.

159 906 210 968 vit.
232 902 376 968 Alcibiad.
398 924 423 967 c.
447 905 480 966 l:
515 908 582 966 Τοῦ
604 901 637 966 δ’
655 899 850 982 Ἀλκιβιάδου
872 904 1027 985 Περικλῆς
1052 904 1103 965 καλ
1119 900 1281 985 Ἀρίφρων
1300 902 1331 967 ot

157 990 346 1059 Ξανθίππου
368 983 569 1072 προσήκοντες
590 986 669 1051 κατὰ
679 988 762 1071 γένος
783 982 993 1069 ἐπετρόπευον.
1014 987 1054 1051 cl.
1066 986 1153 1052 Plato
1165 986 1329 1075 Protegat.

157 1097 187 1162 p.
209 1072 328 1138 arod:
349 1074 389 1135 El
409 1073 442 1136 δέ
462 1068 565 1152 βοόλει
588 1073 732 1136 Κλεινίαν
751 1071 806 1135 τόν
822 1068 1016 1151 Ἀλκιβιάδου
1037 1074 1167 1137 τουτουλ·
1181 1069 1333 1157 νεώτερον

161 1157 294 1242 ἀδελφὸν
307 1154 510 1239 ἐπιτροπεύων
522 1153 538 1220 ὁ
554 1155 646 1233 αὐτὸς
660 1148 750 1232 οὗτος
762 1155 838 1240 άνὴρ
851 1159 1016 1239 Περικλῆς,
1029 1154 1136 1231 δεδιιδς
1147 1158 1215 1241 περὶ
1230 1154 1334 1221 adnot

159 1243 203 1326 μὴ
225 1246 389 1328 διαφθαρῇ
410 1241 448 1323 δὴ
469 1237 529 1304 hah
548 1240 751 1320 Ἀλκιβιάδου,
774 1239 959 1316 ἀποσπάσας
979 1240 1040 1305 dnh
1062 1237 1174 1307 τούτου
1195 1242 1231 1305 έν
1246 1238 1335 1325 Ἀρί-

159 1352 275 1411 φρονος
296 1328 448 1402 ἐπαίδευε,
470 1328 520 1390 κοιλ
542 1328 613 1408 πρὶν
631 1323 665 1402 (ἐξ
684 1332 783 1409 μῆνας
802 1326 954 1411 γεγονέναι
975 1324 1112 1389 άπέδιοκε
1131 1321 1253 1411 rodopa,
1274 1325 1335 1391 oda

159 1413 236 1494 έχων
258 1409 303 1474 ὅτι
323 1408 471 1493 χρήσαιτο
498 1410 594 1498 αὐτῷ.
636 1412 790 1500 Ariphron
812 1420 908 1476 antem
930 1412 1050 1495 eiusque
1076 1412 1173 1475 frater
1191 1410 1335 1477 Pericles

160 1519 224 1562 cum
251 1495 407 1560 Alcibiade
439 1495 582 1560 alfinitato
609 1505 693 1560 erant
720 1498 882 1578 coniuncti,
923 1497 1059 1581 quoniam
1086 1503 1181 1560 mater
1210 1494 1334 1561 iHorum

159 1582 304 1669 Agariste
325 1601 410 1644 soror
430 1581 487 1643 luit
507 1579 670 1667 Megaclis,
692 1581 741 1666 qui
761 1580 926 1645 Alcibiadis
947 1581 1005 1645 luit
1024 1601 1109 1645 avus.
1151 1580 1220 1645 Hoc
1241 1580 1336 1663 enim,

160 1674 193 1730 ut
212 1668 313 1755 paucis
335 1666 494 1752 delungar‚
516 1672 637 1731 stemma
658 1666 738 1731 illius
760 1673 806 1730 est
825 1666 972 1730 familiaez

384 1767 518 1837 Ariphron
534 1770 547 1821 1
848 1767 1025 1836 Hippocrates
1040 1768 1054 1819 1

387 1952 555 2023 Xanthippus
666 2023 671 2106 Ι
782 1952 904 2019 Aguriste
1002 1952 1136 2019 Megacles

160 2137 370 2192 Fiuacauiaen
380 2124 917 2208 —PericlesT--Asffia-‘Ariphro
984 2026 1147 2192 Dinodnache
1158 2164 1194 2177 -··
1211 2134 1335 2190 odunt

395 2209 401 2297 Ι
589 2204 595 2304 Ι
869 2216 875 2304 Ι
1174 2202 1182 2305 l

184 2308 529 2392 Xanthippus—Parmos
563 2321 707 2376 Periclesll
757 2322 961 2393 Hippocratesll
994 2308 1335 2379 mdbadoeT'Umtnu

656 2492 1072 2578 Telesipp-uF-'ffcmophon

162 2590 297 2681 Apparet
316 2593 393 2675 iam,
419 2614 476 2678 quo
496 2592 614 2656 nomine
636 2590 826 2681 Hippocratis
847 2592 902 2657 filii
923 2614 988 2657 cum
1007 2589 1127 2656 Pericle
1146 2589 1263 2655 minore
1284 2610 1336 2655 co·

164 2678 248 2765 gnati
278 2678 398 2742 luerint.
441 2677 637 2765 Hippocrates
664 2688 760 2742 antem
786 2685 906 2777 praetor
929 2676 987 2743 suit
1014 2674 1092 2740 hello
1112 2673 1336 2763 Peloponnesio

164 2763 281 2850 ltlp'mp.
307 2760 472 2826 LXXXIX
504 2783 581 2825 anno
601 2762 711 2851 primo,
755 2783 804 2847 qur
855 2762 950 2827 uidem
981 2760 1036 2827 Me
1058 2780 1139 2824 arom
1175 2779 1238 2823 una
1268 2777 1336 2825 cum

163 2847 366 2911 Demosthene
388 2846 583 2955 oppugnavit,
604 2846 664 2912 vid.
686 2784 899 2935 Thucydlv.
921 2847 980 2912 66:
1052 2840 1152 2919 νόντες
1171 2842 1207 2907 δὲ
1227 2842 1258 2909 οἶ
1277 2847 1336 2909 τοῦ

165 2929 265 3011 δήμου
294 2956 464 3013 προσταται
486 2930 522 2996 οὗ
545 2928 674 2996 δυνατόν
699 2932 752 2997 τὸν
773 2936 873 3016 δῆμον
897 2926 1041 3013 ἐσόμενον
1065 2924 1127 2993 ὑπὸ
1147 2932 1211 2993 τῶν
1229 2932 1336 2994 κακῶν

162 3015 239 3097 μετὰ
261 3022 349 3101 σφῶν
375 3026 543 3103 καρτερεῖν,
576 3022 735 3081 ποιοῦνται
761 3014 870 3102 λόγους
896 3017 1046 3091 δείσαντες
1071 3011 1150 3099 πρός
1175 3006 1251 3089 addc
1270 3018 1335 3080 τῶν

159 3100 333 3183 Ἀθηναίων
354 3098 559 3188 στρατηγούς,
580 3098 785 3187 Ἱπποκράτην
804 3127 836 3167 τε
856 3098 911 3166 τόν
926 3100 1109 3187 Ἀρίφρονος
1128 3100 1180 3162 καλ
1200 3098 1337 3181 Δημοσ-

164 3186 260 3269 θένην
284 3186 338 3251 τὸν
353 3186 583 3263 Ἀλκισθένους,
615 3186 796 3268 βουλόμενοι
823 3188 962 3252 ἐνδοῦναι
989 3184 1046 3267 τὴν
1066 3179 1155 3247 πόλιν
1174 3184 1227 3247 καλ
1246 3182 1337 3265 νομί-

163 3272 264 3348 ζοντες
290 3269 410 3337 ίλάσσω
441 3276 528 3357 σφίσι
561 3272 615 3337 τδν
643 3274 780 3337 κίνδυνον
806 3269 825 3355 ἢ
851 3270 924 3347 τοδς
951 3264 1132 3344 ἐκπεσόντας
1157 3263 1220 3333 tut
1244 3272 1337 3353 σφῶν

32 3408 35 3413 ,
164 3362 331 3421 κατελθεῖν.
376 3358 413 3424 cl.
441 3358 513 3423 ihid.
542 3380 566 3421 c.
587 3359 640 3423 67.
682 3357 797 3423 Cecidit
825 3356 930 3422 deinde
960 3356 993 3421 in
1024 3355 1142 3419 lunesto
1174 3352 1229 3417 illo
1256 3349 1336 3443 apud

165 3440 295 3507 Delium‘
306 3443 436 3551 proelio,
464 3443 522 3508 vid.
545 3442 686 3529 Thucyd.
706 3442 759 3511 lv.
780 3442 838 3507 892
883 3446 949 3505 Τοῦ
971 3438 1002 3505 δ’
1026 3438 1252 3523 ἐπιγιγνομένου
1268 3459 1337 3521 χει-

164 3533 267 3607 μῶνος
285 3528 381 3603 cotug
401 3528 587 3611 ἀρχομένου,
610 3524 654 3602 ὥς
673 3532 717 3613 τῷ
736 3525 926 3609 Ἱπποκράτει
948 3527 999 3590 καλ
1020 3522 1218 3607 Δημοσθένει
1237 3546 1338 3607 στρα-

164 3622 268 3695 τηγοῖς
299 3604 384 3676 οὖσιν
408 3611 581 3695 Ἀθηναίων
607 3612 648 3677 τά
673 3613 705 3676 έν
731 3621 797 3688 τοῖς
822 3614 972 3686 Βοιωτοῖς
996 3610 1156 3673 ἐνεδίδοτο.
1200 3612 1231 3673 el
1257 3626 1336 3693 qum

164 3705 325 3782 sequuntur
345 3718 437 3782 usque
459 3699 495 3763 ad
517 3721 543 3763 c.
566 3699 638 3780 101,
659 3698 710 3761 uhi
731 3718 795 3762 cum
817 3696 877 3762 alia
897 3704 957 3761 tum
978 3694 1052 3759 haee
1072 3693 1101 3758 le
1125 3698 1228 3757 untur:
1243 3688 1338 3757 Ἀπέ-

163 3787 264 3847 θανον
290 3783 323 3846 δέ
349 3785 497 3847 Βοιωτῶν
520 3783 640 3864 μέν-
675 3781 851 3862 Ἀθηναίων
876 3782 910 3845 δέ
935 3778 1026 3866 δλίγηι
1052 3779 1201 3852 έλασσους
1228 3776 1337 3859 χιλίων

165 3872 215 3931 καὶ
239 3864 441 3950 Ἱπποκράτης
472 3864 488 3931 ὁ
515 3864 700 3952 στρατηγός,
742 3871 845 3949 ψιλῶν
874 3866 908 3931 δέ
935 3867 985 3929 καλ
1013 3859 1210 3947 σκευοφόρων
1238 3860 1338 3937 πολιλς

165 3951 312 4035 ἀριθμός.
347 3951 396 4018 cf.
411 3953 537 4018 Diodor.
558 3953 626 4018 XII.
639 3955 682 4017 69
702 3960 732 4016 et
751 3954 805 4033 to,
824 3950 911 4015 Xeno
933 3950 991 4014 hon
1011 3946 1176 4013 Μοσιοιιιλ.
1191 3944 1336 4029 ΙΠ.5,4,

164 4038 343 4103 Plutarchus
363 4038 415 4103 vit
435 4038 541 4103 Niciae
563 4061 587 4103 c.
609 4040 639 4103 6.
669 4037 765 4101 Filios
787 4044 883 4100 autem
905 3972 1101 4136 Hippocrates
1122 4030 1241 4131 reliquit
1258 4050 1337 4131 pon·

166 4124 234 4189 dum
255 4123 388 4205 adultoS,
419 4123 473 4187 sod
494 4124 606 4187 malitia
627 4131 657 4187 et
677 4122 800 4187 stultitia
820 4121 948 4185 maxime
967 4140 1027 4183 insu
1072 4138 1122 4199 es,
1148 4136 1198 4202 qur
1219 4114 1335 4215 quidem

166 4232 230 4274 cum
257 4210 304 4273 sui
340 4209 415 4272 iuris
442 4216 544 4272 esseut
568 4210 640 4273 lacti
672 4230 737 4273 cum
771 4213 867 4271 tutore
899 4204 1007 4269 acritm
1028 4138 1246 4291 th'gaverunt‚
1288 4220 1336 4265 cm

164 4294 280 4382 Lysias
302 4294 464 4361 orationem
485 4291 692 4383 suppeditavit,
714 4313 772 4379 qua
792 4292 829 4357 ah
850 4291 918 4357 istis
932 4287 1086 4355 mlnmniis
1106 4284 1336 4367 sedelenderet,
