2768 4770
357 198 417 264 nn
437 197 581 276 mmo.
602 196 789 288 corrono,
809 200 915 272 ann.
936 200 1083 279 annno
1235 205 1302 274 aas

131 367 273 455 Abydum
297 388 336 448 ,se
363 367 484 433 contulit
509 367 608 453 ibique
632 368 712 434 omni
733 368 910 456 uoluptatum
939 370 1022 459 copia
1049 371 1215 458 perfructus
1242 380 1300 455 est,

128 455 192 520 vid.
215 451 366 539 Antiphon
394 452 470 539 apud
491 452 677 520 Athenaeum
704 451 774 520 XII.
795 475 823 541 p.
845 455 909 521 525
928 453 973 519 B:
1012 454 1180 541 Ἀντιφῶν
1197 458 1229 521 ἐν
1254 465 1299 545 τῷ

129 537 206 602 κατ’
226 532 434 615 Ἀλκιβιάδου
461 538 615 620 λοιδορίας
645 532 755 622 γράφει
784 536 897 613 οὕτως·
935 539 1063 622 Ἐπειδὴ
1090 539 1301 626 ἐδοκιμάσθης

127 620 191 688 ῦπδ
212 628 273 686 τῶν
294 617 477 704 ἐπιτρόπων,
506 619 696 705 παραλαβὼν
716 621 793 706 παρ’
818 621 920 687 αὐτῶν
940 622 978 688 τιλ
1001 631 1117 689 σαυτοῦ
1143 623 1299 708 χρήματα,

129 706 213 797 ᾤχου
235 704 396 769 ἀποπλέων
427 701 636 787 ἔς”Αβυδον,
670 702 738 769 οῦτε
756 707 848 790 χρέος
876 707 953 771 ἴδιον
973 715 1090 773 σαυτοῦ
1112 709 1298 795 πραξόμενος

72 844 75 849 .
129 792 233 869 οὐδέν,
262 789 330 854 odae
358 789 517 874 προξενίας
537 788 681 869 οὐδεμιᾶς
702 791 812 868 ἕνεκεν,
839 790 917 854 ἀλλὰ
943 797 981 877 τῇ
1003 799 1134 858 σεαυτοῦ
1161 821 1297 881 παρανο-

127 879 185 964 μίη
207 879 256 939 καί
279 875 429 964 ἀκολασίᾳ
456 879 509 956 τῆς
530 871 651 957 γνώμης
672 872 796 953 ὁμοίους
817 873 913 958 έργων
933 872 1065 959 τρόπους
1079 881 1297 962 μαθησόμενος

127 959 214 1047 παρὰ
234 965 296 1024 τιῦν
316 961 349 1024 έν
366 957 501 1044 Ἀβύδῳ
521 963 685 1042 γυναικῶν,
713 955 795 1035 ὅπως
816 961 848 1022 έν
868 966 912 1022 τοῦ
933 963 1078 1026 έπιλοίπω
1098 965 1158 1044 βίω
1180 973 1296 1031 σαυτοῦ
1341 1015 1356 1028 ..

126 1046 207 1127 δ’χοις
224 1050 362 1127 χρῆσθαι
386 1044 500 1117 αὐτοῖς.
534 1043 659 1112 Videtur
680 1050 775 1109 antem
797 1023 977 1134 Hermippus
997 1026 1192 1114 hoc‘nomine
1212 1058 1296 1116 nota-

124 1133 208 1196 visse
229 1129 413 1193 Alcibiadem
439 1148 474 1191 eo
495 1128 560 1217 ipso
586 1139 732 1214 tempore,
762 1149 827 1193 cum
854 1129 975 1195 adrem
1001 1132 1145 1218 publicam
1171 1133 1296 1200 admini-

125 1213 275 1280 strandam
304 1213 495 1293 accessisset,
537 1213 580 1276 ita
606 1220 638 1275 ut
663 1213 819 1297 pristinum
845 1212 919 1278 iliud
946 1216 1132 1303 opprobrium
1169 1218 1202 1282 in
1228 1241 1294 1286 eum

123 1300 262 1365 coniiciat
287 1304 317 1362 et
338 1297 415 1361 dicat
440 1317 519 1360 nunc
548 1296 631 1361 illum
658 1298 752 1362 virum
779 1298 887 1362 sactum
910 1320 992 1364 esse:
1018 1300 1139 1365 fueriti
1163 1304 1237 1379 aur,
1267 1305 1294 1369 si

123 1386 199 1448 baec
214 1405 283 1447 vere
296 1383 441 1470 disputata
457 1388 537 1466 sunt,
558 1381 632 1447 haec
654 1380 805 1447 comoedia
826 1383 905 1446 circa
917 1383 1119 1474 Olympiadem
1220 1389 1293 1454 xlx

122 1471 219 1538 docta.

208 1567 363 1656 Hermippi
383 1568 523 1632 eximium
542 1566 759 1654 fragmentum,
780 1565 989 1654 quodlegitur
1009 1570 1085 1658 apud
1107 1571 1292 1638 Athenaeum

118 1659 145 1723 l.
167 1677 198 1743 p.
220 1657 261 1720 29
283 1653 328 1733 Ε,
349 1653 391 1716 ita
411 1650 619 1738 corrigendum
640 1652 782 1716 arbitror:
806 1649 984 1737 Ἕρμιππος
1005 1655 1042 1719 δέ
1060 1680 1120 1719 που
1142 1665 1223 1723 ποιεῖ
1238 1657 1293 1721 τδν

118 1741 276 1808 Διόνυσον
296 1733 440 1800 πλειόνων
459 1734 664 1818 μεμνημένον·
1019 1742 1024 1749 ’

205 1839 365 1907 Μενδαῖον
385 1836 454 1918 μέν,
477 1833 532 1922 ἐφ’
556 1824 583 1922 ᾧ
603 1836 655 1899 καί
676 1835 854 1919 ἐνουροῦσιν
875 1834 943 1898 θεολ
964 1832 1054 1903 αὐτοὶ
1141 1890 1143 1895 ,

204 1920 390 2007 Στρώμασιν
411 1923 444 1986 έν
462 1924 627 2000 μαλακοῖς,
642 1915 796 2002 Μάγνητα
818 1920 852 1983 δὲ
871 1916 1089 2010 μειλιχόδωρον

205 2011 271 2074 Καὶ
296 2008 428 2086 Θάσιον,
449 2011 493 2092 τῷ
514 2003 553 2088 δὴ
573 2000 680 2112 μηλων
700 2004 896 2116 ἐπιδέδρομεν
917 1999 1008 2086 ὀδμή.

118 2172 121 2177 ,
205 2099 328 2158 Τοῦτον
348 2090 407 2175 ἐγὼ
431 2095 523 2175 κρίνω
536 2093 621 2170 πολυ
643 2085 765 2153 πόντων
792 2112 866 2154 ειναι
893 2085 1020 2173 ι’ίριστον

205 2183 278 2242 Τῶν
298 2175 399 2241 ι’ίλλων
419 2173 508 2241 οἴνων
527 2172 594 2256 μετ’
618 2171 763 2254 ἆμόμονα
784 2176 865 2238 Χῖον
885 2170 1013 2240 ἄλυπον.
1060 2204 1064 2211 ·

195 2261 289 2327 ’Ἔστι
317 2261 353 2324 δέ
370 2284 417 2335 τις
445 2256 540 2336 οίνος,
570 2256 624 2322 τόν
645 2260 683 2339 δὴ
710 2259 845 2341 σαπρίαν
869 2259 1037 2336 καλέουσιν,

204 2352 272 2411 Τοῦ
293 2348 343 2410 καὶ
365 2344 425 2408 ἀπὸ
446 2341 599 2424 στόματος
608 2341 751 2423 στάμνων
771 2340 1014 2427 έξοιγνυμενόων,

194 2430 276 2511 Ὄζει
298 2431 367 2507 ἴων,
389 2426 448 2507 όζει
470 2430 503 2494 δέ
524 2426 637 2511 ῥόδων,
664 2426 723 2504 όζει
744 2425 777 2491 δ’
800 2423 961 2491 ῦακίνδου.

196 2515 296 2598 Ὀσμὴ
317 2514 465 2579 θεσπεσία
486 2510 565 2577 κατιλ
586 2517 647 2574 πᾶν
667 2510 697 2575 δ’
722 2508 781 2592 ἴχει
801 2507 953 2597 ὑψερεφές
973 2512 1029 2578 aa.

196 2600 381 2684 Ἀμβροσία
403 2601 452 2661 καί
474 2598 581 2678 νέκταρ
603 2591 680 2676 ὁμοῦ
702 2593 789 2662 τοῦτ’
812 2595 890 2661 έστί·
917 2595 953 2660 ab
975 2596 1083 2680 νέκταρ

201 2689 298 2750 Τουτὶ
316 2682 377 2768 χρὴ
399 2682 540 2766 παρέχειν
560 2680 654 2744 πίνειν
674 2680 707 2745 έν
727 2681 808 2744 δαιτί
829 2682 940 2766 δαλείη

199 2776 309 2835 Τοῖσιν
329 2773 427 2848 ε’μοῖσι
450 2770 565 2855 φίλοις,
585 2775 650 2842 τοῖς
671 2762 703 2830 δ’
727 2766 853 2851 ἐχθροῖς
874 2767 907 2832 έκ
923 2760 1130 2848 Πεπαρήθου.

111 2894 140 2940 v.
163 2872 183 2937 1
214 2871 369 2958 legebatur
389 2868 540 2954 Μενδαίῳ
564 2866 621 2948 μέν
648 2867 825 2948 ένουροῦσιν
850 2869 901 2930 καί
927 2867 996 2929 θεοί
1024 2863 1111 2928 αὐτοί
1140 2883 1281 2952 perverso

109 2972 141 3023 et
163 2976 285 3021 numero
307 2963 337 3018 et
358 2954 513 3017 sententia.
541 2973 570 3017 v.
591 2953 613 3016 7
633 2952 774 3016 edebatur
795 2941 832 3015 υἷι
853 2953 903 3014 καί
926 2948 987 3014 ἀπὸ
1009 2946 1162 3029 στόματος
1181 2943 1281 3027 στόμ-

108 3068 172 3108 νων
193 3036 428 3120 ἀνοιγομενάωι,
450 3037 566 3101 restitui
587 3037 697 3124 epicam
718 3037 842 3102 sormam
863 3040 947 3113 τοῦ,
980 3054 1036 3118 qua
1056 3034 1121 3121 ipse
1141 3030 1246 3095 Hermi
1267 3070 1280 3084 -

107 3150 165 3218 pus
188 3126 305 3213 saepius
327 3124 432 3204 utitur,
454 3130 484 3186 et
505 3119 746 3204 ἓξοιγνιιμενοίων.
788 3120 908 3184 Deinde
929 3118 972 3183 sic
993 3118 1179 3182 distinnnunt
1198 3054 1280 3182 nulia

107 3221 160 3279 aut
182 3219 260 3274 certe
281 3231 383 3297 parum
405 3217 473 3295 apta
494 3207 655 3269 sententia:
685 3203 766 3280 ’Όζει
788 3202 821 3267 δ’
844 3200 995 3267 ὑακίνθου
1018 3199 1097 3283 ὅσμη
1118 3203 1277 3264 θεσπεσία·

106 3296 188 3362 κατὰ
210 3299 270 3357 πᾶν
291 3291 321 3356 δ’
346 3291 405 3373 ἕχει
425 3290 578 3375 ῦψερεφές
597 3291 642 3354 δῶ
660 3287 841 3372 Ἀμβροσία
863 3291 912 3351 καὶ
936 3287 1042 3369 νέκταρ
1065 3281 1159 3362 ὁμοῦ·
1187 3283 1274 3350 τοῦτ’

105 3384 172 3446 dori
199 3379 234 3443 τδ
262 3378 384 3461 νέκταρ·
411 3382 521 3440 τοῦτον
544 3372 605 3460 χρὴ
633 3373 773 3455 παρέχειν
798 3377 863 3437 κτλ.
907 3371 951 3436 At
976 3390 1034 3458 ego
1062 3368 1185 3437 distinxi
1211 3378 1280 3459 posi

103 3468 160 3532 iiia
181 3464 272 3530 verba
294 3460 351 3539 δζιι
374 3458 404 3525 δ’
428 3456 592 3535 ὑακίνθου,
619 3467 651 3524 ut
672 3456 730 3536 όζει
752 3458 792 3522 sit
811 3456 933 3521 verbum
960 3454 1172 3544 impersonale,
1200 3456 1277 3555 quod

103 3561 152 3618 est
164 3550 274 3639 passim
286 3546 361 3635 apud
373 3545 497 3608 comicos
509 3553 622 3632 poetas,
644 3551 730 3628 utque
744 3549 929 3608 construatur
941 3561 1005 3606 cum
1018 3539 1127 3629 duplici
1143 3541 1275 3628 genitivo

101 3643 161 3700 τοῦ
189 3632 307 3708 εόίων,
331 3628 447 3714 ῥόδων,
475 3627 642 3692 transeam:
669 3650 736 3692 nam
763 3627 855 3691 verba
876 3623 937 3690 dno
958 3620 1112 3705 στόματος
1132 3621 1275 3706 στόμνων

102 3713 339 3804 ἔξοιγνυμενιίων
364 3735 422 3778 σου
442 3713 559 3776 vinculo
580 3712 814 3800 comprehendo,
841 3711 901 3776 nisi
922 3711 988 3796 quis
1011 3709 1096 3776 malit
1115 3710 1207 3774 verba
1232 3710 1274 3775 ita

101 3804 242 3895 copulare
262 3805 317 3864 τοῦ
339 3802 388 3863 καλ
410 3796 469 3860 ἀπὸ
492 3796 659 3877 στόματος,
686 3791 828 3874 στόμνων
848 3789 1097 3881 έξοιγνυμενόων,
1129 3791 1187 3871 όζει
1208 3792 1273 3875 iios,

100 3898 137 3956 nt
157 3888 307 3978 genitivus
327 3890 382 3948 τοῦ
404 3883 620 3948 asubstautivo
641 3878 795 3962 στόματος
815 3902 977 3970 suspensus
999 3879 1048 3960 sit,
1068 3879 1182 3967 ipsique
1204 3880 1272 3944 vino

99 3998 137 4041 os
165 3973 250 4059 quasi
280 3969 422 4055 quoddam
450 3968 602 4031 tribuatur.
644 3965 801 4054 Duplicem
832 3973 928 4031 autem
961 3963 1124 4053 genitivum
1155 3964 1272 4028 asciscit

98 4060 179 4141 ὄζειν
189 4058 277 4122 etiam
297 4053 373 4142 apud
384 4052 593 4117 Pherecratem
610 4052 642 4115 in
653 4050 803 4138 Fugitiuis
824 4071 871 4140 ap.
883 4049 995 4114 Athen.
1013 4046 1098 4116 xlv.
1107 4069 1137 4138 p.
1150 4046 1213 4115 648
1225 4045 1267 4114 C:

178 4155 298 4238 Ὥσπερ
319 4160 381 4218 τῶν
401 4154 536 4238 αἰγιδίων
557 4149 632 4230 όζειν
653 4153 686 4216 dx
703 4155 760 4216 τοῦ
781 4147 936 4233 στόματος
954 4143 1120 4236 μελικήρας

96 4260 178 4329 adde
199 4256 428 4346 Aristophanem
448 4255 481 4320 iu
500 4252 609 4344 vespis
631 4275 660 4319 r.
682 4253 780 4321 1058:
