2760 4792
140 229 203 298 tib
527 222 934 294 COMMENTA'I'IONES

138 400 249 466 diutius
269 396 442 477 considero,
469 399 552 460 tanto
578 392 652 459 mibi
681 413 732 458 res
758 393 877 460 ridetur
895 396 1060 463 obscurior.
1102 395 1165 463 Sed
1186 396 1316 464 Simoni-

138 486 206 550 dem
227 484 373 564 arbitror,
401 501 464 544 non
489 479 568 546 enim
594 485 682 567 poeta
709 477 804 544 solum
826 481 949 563 suavis,
970 502 1072 546 verum
1094 483 1182 548 etiam
1203 492 1316 549 cetero·
1357 521 1360 525 .

139 571 189 656 qui
209 570 311 635 doctm
332 565 509 664 sapiensque
522 563 659 646 traditur,
679 564 748 649 quia
769 564 861 629 multa
881 566 1020 632 venirent
1038 567 1071 632 in
1083 575 1209 632 mentem
1230 574 1316 634 acuta

138 664 225 741 atque
246 650 376 732 subtiha,
397 651 580 716 dubitantem
602 649 671 748 quid
693 670 794 714 eorum
816 657 898 715 esset
917 652 1116 733 verissimum,
1137 652 1315 741 desperasse

138 760 254 804 omnem
275 737 467 802 veritatem.“
498 735 558 801 His
579 734 674 822 igitur
697 734 926 800 dubitationibus
947 741 981 800 ut
1001 736 1221 819 adversaretur,
1241 737 1316 843 Epi·

138 825 287 888 charmum
299 820 466 887 comoedias
487 820 646 910 scripsisse
667 819 819 884 existimo:
841 841 951 910 pravas
972 821 1051 886 enim
1073 821 1110 887 de
1122 822 1179 887 diis
1200 822 1315 911 opimo·

137 929 211 990 nes,
243 907 346 992 quibus
379 907 528 971 hominum
561 912 675 969 mentes
707 903 835 968 imbutae
868 910 956 970 erant
983 927 1117 992 vanaque
1151 916 1316 975 commenta

137 994 249 1096 pariter
276 1000 362 1077 atquc
389 991 508 1055 stultam
535 988 757 1077 arrogantiam,
785 991 1027 1074 quassationem
1049 989 1315 1080 etprovidentiam

137 1101 171 1144 sn
192 1077 301 1142 mundo
321 1077 422 1140 inesse
443 1081 588 1163 negaret,
610 1074 715 1141 tollere
735 1079 767 1137 et
787 1096 827 1138 ex
848 1075 955 1139 animis
977 1074 1078 1140 delere
1099 1076 1224 1142 studuit:
1253 1098 1314 1142 non

137 1163 231 1252 igitur
251 1161 370 1227 sustulit
394 1159 572 1246 religionem
599 1166 631 1223 et
658 1159 842 1223 sanctitatem
864 1158 1003 1242 deornm,
1031 1161 1085 1227 sed
1112 1182 1177 1227 eam
1198 1161 1242 1227 ita
1262 1163 1314 1228 fir-

137 1269 220 1313 mare
241 1245 364 1322 studuit,
391 1253 424 1309 ut
444 1242 483 1309 ad
503 1265 604 1309 rorum
625 1250 759 1308 naturam
781 1243 935 1343 omniaque
958 1266 1012 1326 ee,
1040 1266 1115 1333 quae
1136 1247 1190 1313 sub
1211 1247 1313 1312 oculos

137 1332 287 1412 caderent,
308 1331 454 1394 referret:
476 1329 611 1399 omuibus
624 1330 703 1394 enim
724 1328 772 1393 his
794 1335 909 1394 natmm
930 1327 1113 1395 divinitatem
1134 1337 1165 1395 et
1185 1332 1314 1396 aeterni·

137 1423 226 1482 tatem
252 1417 372 1495 inesse,
399 1414 522 1478 numina
549 1415 644 1502 igitur
673 1414 758 1499 quasi
784 1414 899 1502 species
925 1413 1064 1498 quasdam
1093 1436 1177 1498 esse,
1208 1417 1314 1503 qubus

100 1544 103 1551 ·
138 1509 275 1586 tanquam
303 1498 456 1563 involucro
491 1498 588 1585 aliquo
618 1520 718 1563 rerum
748 1499 877 1563 omnium
909 1497 1050 1563 divimtas
1077 1499 1102 1563 si
1147 1500 1313 1583 iiiceremr3

139 1606 277 1673 quorsum
298 1590 412 1672 spectat
431 1581 594 1648 Menandri
614 1583 689 1648 iliud
710 1584 787 1672 apud
808 1582 995 1649 Meinekium
1015 1605 1046 1673 p.
1068 1586 1087 1649 1
1138 1607 1148 1649 :

217 1666 256 1734 ‘O
275 1669 332 1751 μὲν
347 1667 541 1754 Ἐπίχαρμος
561 1667 635 1744 τοὺς
656 1667 750 1744 θεοὺς
770 1663 846 1732 εἶναι
867 1665 946 1751 λέγει

217 1752 379 1835 Ἀνέμους,
400 1750 501 1853 ὕδωρ,
521 1758 594 1838 γῆν,
620 1750 721 1836 ἥλιον,
744 1757 823 1902 reip,
845 1749 987 1836 ἀστέρας.

137 1837 179 1905 Et
205 1840 408 1904 aeternitatem
434 1839 551 1924 quidem
578 1839 700 1903 deornm
726 1837 793 1902 lucu
805 1844 891 1902 enter
917 1838 1003 1903 docet
1028 1835 1225 1928 Epicharmus
1252 1838 1315 1907 illie

137 1924 291 2008 versibus,
312 1943 386 2010 quos
407 1945 448 1987 ex
467 1922 586 1988 Almmo
607 1924 764 2010 Diogenes
785 1923 892 1989 Laert
912 1922 968 1986 111.
986 1921 1029 1989 10
1049 1923 1196 1989 servavit:

219 2012 267 2077 A.
306 2005 390 2072 Ἀλλ’
416 2006 462 2072 ἀεὶ
481 2010 529 2071 τοὶ
549 2009 620 2072 θεοὶ
640 2013 785 2093 παρῆσαν
802 2005 972 2088 χύπέλιπον
990 2004 1177 2074 abaciacus.
1292 2072 1304 2093 ‚

224 2091 309 2158 Tace
328 2091 361 2157 δ’
384 2090 432 2156 td
453 2089 589 2176 πάρεσθ’
615 2088 724 2173 ὅμοια,
747 2085 799 2155 διά
820 2095 935 2156 τετῶν
963 2088 1066 2156 αὐτῶν
1085 2090 1142 2157 dut.

221 2181 261 2243 Β.
298 2175 394 2242 Ἀλλὰ
414 2171 530 2260 λέγεται
550 2174 614 2255 μὰν
632 2174 709 2257 χάος
731 2180 849 2261 πρᾶτον
869 2173 1011 2259 γενέσθαι
1031 2182 1095 2242 τῶν
1113 2181 1210 2244 θεῶν.
1274 2252 1278 2258 ,

221 2266 268 2327 A.
309 2264 388 2337 Πῶς
409 2260 445 2325 δέ
469 2259 520 2347 κ’,·
540 2255 702 2342 ἀμάχανον
721 2260 753 2345 γ’
776 2256 839 2324 ἀπό
851 2263 1078 2430 ότινος)μολέν,
1104 2259 1174 2329 ds:
1193 2268 1328 2352 πρᾶτον,

868 2349 948 2410 hoc*

220 2432 261 2495 Β.
307 2423 439 2515 Odeis'p'
462 2425 553 2512 έμοέτ
573 2431 693 2515 πρᾶτον
713 2370 897 2513 οόδένςμλ.
921 2428 1005 2496 Οὐδὲ
1022 2429 1070 2515 μὰ
1081 2430 1148 2497 Ate
1161 2410 1317 2529 δτιῖπρον.

206 2684 238 2750 ·)
266 2686 308 2741 Ita
324 2682 523 2750 corrigendum:
547 2683 629 2748 vulgo
645 2681 754 2749 iegitur:
780 2676 932 2752 ἂμάχανόν
947 2679 978 2754 γ’
1000 2679 1057 2739 ἀπό
1073 2701 1150 2747 τινος
1163 2684 1256 2758 μηδὲν
1271 2681 1318 2745 dee

136 2752 194 2820 (vel
209 2746 279 2820 tm)
297 2751 405 2873 πρᾶτον
420 2743 512 2825 μόλοι.
529 2750 625 2832 scripsi
647 2751 736 2821 μολέ
739 2765 757 2803 ν
762 2787 771 2817 ,
795 2753 867 2821 quod
883 2758 912 2809 et
925 2752 1066 2811 mutuae
1081 2757 1230 2811 oenandae
1246 2772 1316 2813 σοι·

135 2820 209 2876 venit
231 2826 259 2874 et
282 2836 299 2872 a
332 2821 469 2873 'tterarum
490 2819 609 2899 vestipus
630 2818 752 2888 proxime
774 2821 863 2874 suesce
885 2837 979 2876 versus
1002 2827 1092 2877 autem
1114 2840 1227 2883 numero
1248 2840 1316 2881 sere

136 2888 295 2945 offendaris:
317 2905 382 2943 uam
398 2893 430 2941 nt
445 2887 616 2940 Doriensrnm
640 2903 727 2941 sermo
749 2887 886 2957 popularis
922 2889 1071 2944 ctissimnrn
1087 2889 1211 2951 horridas
1226 2896 1271 2948 eet
1285 2894 1316 2951 et

135 2956 296 3024 inconditus,
311 2956 351 3008 ita
366 2971 459 3010 sensns
475 2971 581 3024 qnoque
591 2954 743 3027 Epicharmi
758 2956 859 3025 pingue
875 2973 893 3027 q
1016 2962 1045 3011 ot
1060 2974 1185 3040 ”perun
1200 2966 1316 3031 sonutp

135 3025 227 3094 itaque
252 3024 392 3080 inlocum
418 3023 603 3078 trochaeorum
626 3023 685 3079 eino
711 3023 942 3092 ullodiscrimine
968 3042 1020 3086 aaa
1084 3032 1124 3096 tr,
1145 3028 1262 3097 dedali,
1286 3034 1317 3085 et

136 3094 208 3165 quod
223 3109 279 3146 non
295 3098 366 3147 recte
382 3091 503 3145 homines
520 3091 591 3145 docti
603 3096 752 3159 negarunt,
768 3092 849 3146 etiarn
865 3109 879 3146 s
898 3093 977 3149 enda
993 3110 1008 3149 a
1058 3095 1206 3155 mamm:
1234 3096 1316 3153 mixti

135 3167 225 3216 autem
245 3159 359 3215 suntin
381 3158 534 3241 Epicharmi
554 3159 651 3212 sabulis
671 3175 765 3214 remus
786 3160 852 3215 satis
918 3177 964 3217 res
987 3166 1016 3217 et
1036 3162 1133 3219 leniter
1148 3162 1316 3235 profluentes

136 3245 196 3282 cnm
212 3229 340 3297 horridis,
363 3245 411 3297 qm
426 3227 523 3297 impari
536 3227 644 3281 incessu
664 3243 695 3282 os
711 3227 825 3294 legentis
840 3228 992 3287 russone
1007 3229 1148 3307 diducant,
1169 3230 1212 3289 σθ
1226 3238 1270 3289 est
1283 3232 1316 3289 in

135 3297 182 3351 illo
197 3297 337 3351 notissimo
353 3295 488 3350 carmine:
1267 3340 1270 3345 .

202 3364 279 3424 Νοῦς
295 3359 346 3436 ὁρῇ
362 3363 411 3417 καὶ
425 3359 491 3420 νοῦς
507 3354 615 3415 ἀκούει·
639 3352 725 3415 edite
741 3356 825 3431 κωφὰ
840 3361 890 3417 καὶ
905 3356 1007 3434 τυφλά,
1044 3386 1048 3393 ·

201 3431 268 3490 Πῶς
279 3447 329 3486 κεν
345 3431 435 3485 ἴδοιεν
450 3422 502 3485 τάν
518 3433 625 3500 σοφίαν
640 3430 728 3489 πέλας
743 3427 892 3483 ἱστακυῖαν
908 3426 1014 3501 ἀνέρες,

196 3485 251 3552 'nv
268 3495 298 3553 τὸ
314 3501 382 3571 κέαρ
399 3491 479 3565 πάλῳ
490 3499 622 3582 σέσακταρ
637 3497 687 3581 ναὶ
701 3496 874 3567 δοσεκνίπτῳ
893 3502 988 3573 τρογές
1287 3530 1290 3535 -

134 3568 181 3623 ubi
203 3583 267 3622 cave
288 3566 348 3625 πῶς
364 3562 390 3617 κ’
418 3565 507 3618 ἴδοιεν
529 3570 577 3619 ant
593 3579 634 3616 ων
651 3559 682 3616 τὸ
699 3564 750 3633 κῆρ
767 3567 930 3621 substituas:
958 3570 1028 3625 mule
1048 3584 1113 3627 rere
1128 3570 1183 3625 duo
1199 3572 1314 3631 extremi

134 3653 227 3692 verens
249 3636 320 3705 apud
340 3635 486 3688 Stobaonm
507 3650 542 3687 ex
565 3633 694 3686 Cercidae
716 3634 863 3688 meiiambis
884 3635 1071 3707 proferentur,
1097 3640 1169 3709 qnod
1190 3639 1314 3695 bonnm

135 3707 227 3759 doctos
243 3703 272 3756 in
288 3719 405 3757 errorem
421 3702 539 3763 induxit:
557 3700 686 3757 Cercidse
701 3701 773 3755 exim
788 3701 968 3769 fragmentum
984 3722 1093 3786 preren.
1109 3707 1218 3765 exeidit,
1251 3710 1315 3767 500

134 3774 145 3827 i
163 3777 329 3826 sumentem
363 3772 417 3824 nod
432 3770 538 3825 numeri
561 3775 652 3823 esent
672 3769 760 3839 asperi
777 3776 805 3825 et
820 3771 964 3838 inconditi,
985 3789 1016 3827 sn
1031 3774 1192 3847 Epicharmo
1208 3777 1316 3833 notavit

133 3792 272 3963 ἐσῆτίρῖ,
288 3789 468 3963 phi-{lantum
485 3837 608 3893 adSiculi
624 3843 720 3908 poetae
736 3841 886 3911 exemplum
902 3856 932 3893 se
941 3840 1149 3901 contemsisse
1165 3844 1315 3919 mandit,

176 3926 220 3963 rs.
265 3943 273 3960 .
382 3925 390 3961 ε
1278 3944 1282 3951 .

159 3928 176 3979 P
201 3947 364 4029 Plautus⁸ed
379 3975 529 4044 exemplum
546 3970 630 4027 Siculi
644 3989 788 4042 properare
804 3973 967 4042 Epicharmi.

134 4048 205 4102 Nem
227 4044 337 4101 nimiam
359 4042 557 4099 sutinetionem
573 4040 688 4095 mamme
709 4040 740 4095 in
755 4043 875 4097 versibus
892 4043 1080 4114 componendis
1096 4045 1313 4116 reprehenditis

133 4115 246 4181 Plauto,
268 4113 362 4166 eodem
384 4126 493 4185 prorsus
510 4109 589 4165 modo
607 4109 674 4163 dixit
689 4109 719 4163 in
735 4110 823 4180 Epist.
839 4112 873 4165 ad
889 4112 1002 4169 Pisones
1017 4129 1044 4168 r.
1062 4112 1123 4182 abs,
1140 4115 1187 4171 nbi
1202 4119 1314 4177 exutae

134 4182 228 4237 iubens
246 4181 379 4252 spondeos
395 4192 430 4232 ex
446 4177 506 4248 pari
521 4177 585 4232 sede
593 4177 728 4300 ἕστορα)
743 4178 818 4300 {⁰2}
834 4186 863 4233 et
877 4180 959 4237 Ennii
975 4196 1067 4239 sersus
1083 4181 1123 4237 ita
1138 4184 1241 4257 culpet:

161 4278 165 4287 ·
631 4262 646 4299 c
663 4263 678 4299 e
705 4262 736 4300 un

202 4314 343 4375 Nobilibus
359 4312 487 4373 umam
502 4319 612 4386 apparet
628 4328 722 4383 rarus,
743 4318 773 4370 et
787 4313 861 4374 aens
