2768 4770
345 105 406 177 DE
427 105 571 188 amu.
592 107 783 181 conoul).
802 109 911 183 AT'P.
930 107 1078 189 Anne.
1230 115 1301 216 m

114 279 242 347 omnino
268 277 414 344 eiusmodi
440 284 608 345 acroamata
633 299 700 344 curn
732 280 878 347 conviviis
906 286 975 370 apte
1001 287 1232 372 comportantem
1256 283 1298 353 τί.

115 363 349 454 Astydamantis
370 384 475 428 versus
497 364 575 452 apud
595 363 709 430 Athen.
729 363 771 434 X.
791 384 821 454 p.
842 365 905 432 411
927 366 973 432 A:

199 461 286 533 Ἀλλ’
309 461 412 548 ὥσπερ
434 463 557 529 δείπνου
577 470 740 551 γλαφυροῦ
762 467 902 550 ποικίλην
924 467 1053 550 εύωχίαν

208 551 274 614 Τὸν
295 549 425 632 ποιητήν
446 551 495 614 δεῖ
511 550 734 634 παρίχειντοΐς
754 557 885 626 θεαταῖς
904 553 959 616 τὸν
979 553 1089 638 σοφόν,

196 633 248 700 ‘'Iv'
265 633 340 720 ἀπίῃ
361 660 414 725 τις,
427 640 521 700 τοῦτο
542 635 650 720 φαγὼν
671 639 723 700 καί
744 633 831 713 πιών,
854 631 936 724 ᾧπερ
958 638 1068 720 λαβὼν

204 721 318 804 Χαίρει
339 744 399 796 τις,
429 722 481 783 καί
508 722 655 785 σκευασία
676 720 720 803 μή
741 721 789 804 μί
812 717 833 808 ᾖ
854 729 910 808 τῆς
929 730 1091 807 μουσικῆς.

118 830 151 890 et
169 821 350 911 Metagenes
371 821 405 886 in
424 822 600 911 Philothyte
625 844 672 912 ap.
693 821 807 890 Athen.
827 821 867 889 X.
888 845 917 915 p.
939 825 1004 893 459
1025 824 1068 890 B:
1166 851 1168 855 ¹

204 959 247 974 -
268 921 353 987 Κατ’
378 920 546 989 ἐπεισόδιον
565 918 750 1006 μεταβάλλω
770 923 825 990 τδν
845 923 951 1010 λόγον,
980 922 1022 1003 ὡς
1044 924 1082 989 δὶν

204 1011 352 1073 Καιναῖσι
373 1011 526 1094 παροψίσι
549 1012 600 1073 καί
621 1012 750 1087 πολλοῖς
771 1007 917 1094 εὐωχήσω
938 1011 973 1075 τὸ
992 1011 1139 1096 θέατρον.

113 1109 154 1176 Ιιι
175 1109 367 1174 Pherecratis
389 1118 485 1175 autem
506 1132 596 1176 versu
618 1117 751 1176 extremo
772 1118 853 1176 recte
874 1112 1051 1177 Dindorfius
1073 1111 1294 1194 ἐκχαρυβδίσαι

115 1195 240 1260 ecodd.
262 1196 399 1282 vestigiis
425 1197 570 1276 restituit:
592 1195 780 1282 Hesychius:
805 1195 1121 1282 Ἐ’ξεχαρυβδαάνθη·
1144 1194 1293 1280 aventer.

114 1279 297 1368 Legendum
325 1287 371 1344 est
402 1287 453 1345 aut
472 1277 723 1367 ἒξεχαρυβδύνθη
746 1287 797 1347 aut
818 1283 1075 1364 ἓξεχαρυβδίσθη.
1116 1282 1181 1349 Νοο
1202 1283 1294 1347 dissi-

114 1365 188 1443 mile
227 1385 331 1428 uorsus
353 1372 400 1429 est
420 1366 495 1451 quod
518 1388 558 1430 ex
579 1367 689 1431 cornico
710 1373 743 1430 ut
763 1366 1090 1455 videturPhrynichus
1111 1366 1293 1435 inBekheri

86 1468 90 1476 “
113 1385 232 1518 threci.
254 1448 296 1514 T.
307 1449 332 1514 l.
354 1471 382 1538 p.
394 1451 435 1516 51
458 1450 561 1515 affert:
584 1449 888 1535 Μεθυσοχάρυβδις·
910 1455 959 1518 ἐπὶ
974 1451 1117 1536 γυναικὸς
1136 1448 1291 1534 μεθύσου,

115 1531 174 1599 oria
196 1531 246 1599 ἐπ’
270 1531 405 1620 ι’ίρρενος.
434 1536 472 1600 cf.
496 1557 570 1620 quae
592 1557 684 1623 supra
703 1558 732 1623 p.
754 1538 817 1602 255
839 1537 917 1602 dicta
940 1545 1018 1602 sunt.
1059 1538 1123 1603 Iam
1144 1538 1203 1626 ipsi
1225 1559 1291 1604 ver·

113 1641 168 1688 sus
188 1619 301 1684 incitati
322 1626 352 1684 et
372 1620 552 1709 profluentes
564 1626 744 1708 quantopere
758 1622 937 1686 conveniant
948 1623 1100 1687 institutae
1114 1620 1292 1705 sententiae,

112 1705 370 1857 &atttriti
392 1705 751 1855 hithhttih‘ih
774 1727 872 1856 tihi
893 1706 1158 1856 λΟλιλῗλλΗλλι
1172 1707 1293 1856 'Atti'

110 1862 184 1953 VII,
204 1896 234 1963 p.
255 1875 319 1941 316
341 1873 384 1938 E:
426 1875 565 1958 Λίγουσι
599 1874 632 1938 δὲ
658 1877 711 1938 καὶ
738 1809 780 1950 oia
807 1856 846 1939 δν
872 1813 1015 1962 άπάερήσῃ
1049 1811 1168 1985 τρύήοής
1196 1839 1292 1940 ahohi

112 1960 284 2037 κατεσθίει·
326 1948 370 2023 ὧν
395 1953 437 2034 εἷς
465 1962 528 2024 ἐστι
558 1961 609 2022 καλ
637 1953 654 2023 ὃ
681 1960 913 2045 κωμῳδιοποιὸς
942 1965 1153 2048 Φερεκράτης·
1196 1949 1289 2040 οὗτος

111 2041 176 2132 γὰρ
198 2046 232 2108 ἓν
252 2052 316 2121 τοῖς
337 2045 593 2130 ἐπιγραφομένοις
614 2047 709 2128 φησὶν
725 2044 871 2132 Ἀγρίοις·

195 2125 413 2214 Ἐνθρύσκοισι
434 2132 486 2192 καί
512 2124 678 2215 βρακάνοις

198 2216 267 2281 Καὶ
287 2210 474 2300 στραβήλοις
495 2216 564 2297 ζήν,
587 2210 703 2281 ὁπόταν
725 2211 757 2279 δ’

120 2356 123 2361 .
189 2295 276 2382 Ἤδη
298 2305 421 2365 πεινῶσι
442 2298 577 2385 σφόδρα,

194 2379 336 2468 Ὡσπερεὶ
357 2384 430 2460 τοὺς
452 2381 651 2457 πουλύποδας

197 2465 332 2552 Νύκτωρ
354 2465 525 2545 άνοτάντας
546 2461 702 2576 περιτριύ·

196 2576 261 2638 γειν
281 2550 384 2618 αύτῶν
404 2555 478 2632 τούς
500 2557 680 2627 δακτυλονς.

110 2638 218 2725 quihus
240 2640 376 2710 uersibus
396 2640 595 2704 Pherecrates
616 2638 706 2702 vitam
732 2632 883 2703 hominum
902 2635 1020 2703 illorum
1041 2637 1173 2704 ferorum
1193 2636 1288 2705 incul-

111 2729 173 2788 tam
194 2731 281 2809 atque
301 2725 404 2789 rudem
426 2725 596 2813 descripsit:
627 2719 823 2806 στραβήλους
844 2731 941 2788 autem
962 2722 1025 2808 (vel
1045 2731 1078 2790 ut
1098 2724 1130 2789 in
1152 2723 1228 2792 cod.
1247 2722 1286 2791 P.

109 2806 224 2895 legitur
245 2807 441 2895 προβόλοις)
462 2832 524 2874 non
544 2816 613 2898 puto
636 2808 808 2896 significare
830 2808 965 2873 cochleas
988 2817 1038 2874 aut
1059 2807 1140 2876 aliud
1161 2809 1288 2874 concha·

109 2913 177 2958 rum
199 2916 312 2980 genus,
341 2895 377 2958 de
399 2915 455 2979 quo
477 2896 651 2962 Athenaeus
680 2891 736 2957 ΠΙ.
758 2915 787 2981 p:
808 2893 851 2959 86
872 2891 909 2958 C.
935 2894 1008 2957 haec
1034 2895 1153 2959 scribit:
1184 2889 1285 2957 Σπεύ-

109 3000 225 3053 σιππος
247 2978 277 3041 δ’
295 2979 327 3042 ἐν
349 2980 479 3066 δευτέρῳ
498 2976 611 3062 ὁμοίων
632 2974 835 3061 παραπλήσια
848 2972 922 3042 εἶναι
944 2975 1088 3064 κήρυκας,
1110 2974 1285 3064 πορφύρας,

109 3061 486 3213 σίραβήλουςωκάγχους·
508 3071 570 3130 τῶν
590 3060 774 3152 στραβήλων
792 3059 974 3146 μνημονεύει
994 3065 1047 3127 καλ
1067 3065 1232 3156 Σοφοκλῆς
1253 3065 1286 3130 ἐν

193 3174 221 3211 ικ
234 3172 279 3224 οις
305 3170 418 3224 ουτως·
901 3222 904 3228 ,
1272 3210 1274 3214 .

165 3173 295 3317 μἉλίας
314 3229 493 3317 στραβήλου
514 3233 608 3317 τήσδε
629 3232 733 3299 τέκνον
754 3230 785 3296 εἴ
801 3254 870 3296 τινα
1016 3303 1017 3306 ¹

120 3330 124 3339 '
194 3316 373 3399 Δυναίμεθ’
399 3318 505 3403 εὖρεῖν.

108 3416 151 3484 Et
175 3420 264 3509 paulo
293 3421 434 3485 inferius:
474 3418 576 3503 Ἀγίας
603 3417 637 3483 δὲ
668 3420 719 3483 καί
748 3412 907 3501 Δερκύλος
937 3419 971 3483 ἐν
992 3416 1180 3504 Ἀργολικοῖς
1210 3419 1285 3498 τούς

108 3502 304 3589 στραβήλους
320 3500 535 3589 ἀστραβήλους
556 3500 747 3584 ὀνομάζουσι,
769 3498 1009 3586 μνημονεύοντες
1029 3503 1133 3571 αὐτῶν
1154 3504 1197 3582 ὡς
1217 3509 1283 3575 ἐπι-

107 3591 238 3672 τηδείων
257 3589 353 3656 ὄντων
374 3593 416 3664 εἷς
436 3589 472 3654 τὸ
494 3591 657 3667 σαλπίζειν.
691 3590 729 3654 cf.
750 3589 902 3655 Aristotel.
924 3589 1006 3657 Hist
1026 3589 1159 3659 Animal.
1179 3591 1234 3661 IV.
1249 3592 1283 3660 4.

106 3673 178 3740 Non
198 3674 336 3740 videntur
358 3675 482 3740 differre
503 3697 522 3739 a
541 3675 730 3758 στροβίλοιςι
752 3674 878 3740 Photius
898 3696 928 3763 p.
945 3675 1020 3757 543,
1036 3677 1078 3741 19
1098 3675 1280 3762 Στρόβιλοι·

107 3762 160 3823 καλ
182 3760 212 3824 οἳ
224 3759 343 3842 κίχλιαι
364 3762 415 3823 καλ
438 3761 465 3825 οἱ
483 3756 651 3825 θαλάσσιοι
672 3756 814 3844 κήρυκες·
835 3762 886 3824 καί
907 3757 1070 3845 στρόβιλος
1090 3757 1171 3838 εἶδος
1187 3759 1282 3848 δρχή-

106 3867 185 3921 σεως
205 3848 256 3909 καὶ
278 3844 397 3925 ἀνίμων
423 3842 502 3920 εἶδος
528 3847 578 3908 καὶ
606 3840 700 3909 tvos
724 3845 852 3929 δένδρου
878 3844 1007 3930 καρπός.
1040 3864 1144 3913 verum
1165 3845 1281 3914 Phere-

105 3937 204 3995 crates
239 3932 344 3994 oinor
370 3952 406 3995 co
438 3930 557 3994 nomine
589 3929 748 4040 appellavit
775 3930 888 3996 fructus
920 3931 1050 4018 agrestis
1076 3931 1179 4014 oleae,
1217 3933 1287 4003 vid.-

103 4013 219 4079 Pollux
229 3952 282 4083 Vi.
294 4013 351 4079 45:
374 4013 442 4090 Τὰς
464 4015 497 4079 δὲ
518 4018 679 4089 κοτιναδας
700 4012 793 4090 ἐλάας
812 4012 1010 4099 τραμβήλους
1031 4013 1171 4095 ὠνόμασε
1185 4019 1280 4105 Φερε-

103 4096 231 4182 κράτης.
252 4099 307 4164 sed
326 4120 380 4187 pro
401 4096 599 4183 τραμβήλους
619 4106 715 4181 recte,
737 4106 771 4165 ut
788 4112 877 4190 puto,
901 4100 1020 4190 plurimi
1041 4101 1158 4168 codices
1180 4125 1277 4186 στρα-

100 4181 222 4270 βήλους
241 4184 291 4250 vel
311 4183 505 4272 στροβίλους
524 4185 677 4258 exhibent.
698 4184 940 4255 Consentaneum
956 4193 1053 4256 autern
1074 4193 1124 4254 cst
1141 4187 1278 4257 hominos
