2760 4792
302 217 362 285 DE
382 217 525 295 noluo.
547 217 735 286 COMOED.
755 219 864 290 ΑΤΤ.
884 221 1031 298 ANTIQ.
1184 227 1247 292 103

81 385 206 471 θερινὸν
232 382 326 470 φύσις
354 390 412 451 soii
443 388 511 471 περὶ
537 383 593 450 τὸν
618 386 682 451 ἐκεῖ
702 383 812 466 τόπον,
855 385 930 473 ὅπερ
955 387 1093 472 εἴπομεν,
1121 389 1248 478 ὕστερον

79 471 184 546 αὐτοῖς
200 471 403 554 ’παραδέδωκε
425 470 461 535 τὸ
481 466 599 535 τούτων
619 477 680 535 τῶν
701 476 784 535 θεῶν
815 477 872 536 τοῦ
901 471 1020 555 κόσμου
1051 475 1246 559 κατανόημα·

78 552 261 636 λάβωμεν
282 556 337 632 δέ,
368 553 455 631 nied
481 580 518 621 τι
544 579 612 642 περ
635 553 878 639 ἂνἛλληνες
898 555 1110 641 βαρβάρων
1130 587 1248 645 παρα.

77 637 257 719 λάβωμεν
269 688 279 718 ,
322 635 480 704 κάλλιον
506 646 622 705 τοῦτο
649 643 704 717 εἰς
738 641 847 718 τέλος
876 641 1155 727 ἀπεργάζονται
1182 651 1246 711 κτλ.

77 726 124 789 Ito
156 726 245 789 etiam
276 725 479 813 philosophiae
512 726 711 806 incrementa,
759 736 834 824 quae
867 728 903 790 ab
932 730 1044 793 exteris
1082 731 1247 796 asciveram

79 809 203 890 Gracci,
231 809 274 873 sic
294 810 529 875 informaverunt
553 811 739 899 ipsorumque
764 812 896 898 ingeniis
924 815 1192 898 accommodarunt,
1217 829 1248 881 nt

78 894 257 996 peregrinae
282 896 410 982 originis
437 895 567 982 vestigia
593 896 710 983 penitus
744 897 972 982 exstinguerent
1004 907 1089 982 atque
1116 901 1248 999 quamvis

77 979 194 1043 illorum
217 985 247 1042 et
257 980 392 1067 exemplo
412 981 525 1044 incitati
546 985 576 1043 et
596 1000 687 1067 opera
707 980 798 1044 adiuti
820 989 921 1045 essent
933 980 964 1045 in
976 983 1110 1046 veritatis
1124 985 1249 1073 indaga·

78 1063 187 1212 tionfe,
202 1070 300 1128 tamen
319 1065 407 1153 primi
427 1065 599 1129 viderentur
619 1060 748 1128 omnium
771 1065 986 1154 philosophiam
1008 1068 1198 1134 suscitarisse
1220 1078 1249 1135 et

97 1169 132 1211 er
145 1169 250 1212 ecrsse.

77 1169 95 1237 p
163 1231 205 1296 Et
230 1233 315 1320 primi
342 1228 456 1317 quidem
482 1233 590 1314 lones,
618 1233 667 1318 qui
695 1231 790 1298 Asiae
817 1233 940 1298 minoris
966 1254 1048 1299 oram
1075 1237 1246 1301 maritimam

77 1315 267 1397 incolebant,
309 1339 373 1382 cmu
405 1319 601 1398 humanitate,
622 1373 625 1381 ,
643 1337 755 1382 morum
784 1318 922 1400 lenitate,
964 1319 1080 1406 ingenii
1117 1321 1248 1386 acumine

78 1414 148 1464 tunc
174 1403 280 1466 ceteris
308 1401 452 1468 Graeciae
480 1404 619 1490 gentibus
644 1410 846 1503 praestarent,
888 1404 1102 1492 philosophiam
1128 1407 1248 1470 inchoo·

77 1493 168 1550 runt:
216 1507 284 1552 nam
317 1509 382 1550 cum
419 1508 512 1574 reges
550 1488 672 1575 impemo
705 1488 904 1574 privavisseut
937 1488 1116 1574 liberamque
1150 1513 1248 1555 rerum

97 1570 258 1636 nhlicarum
283 1572 419 1635 formam¹
433 1572 668 1652 constituissent,
696 1579 764 1634 tuuc
790 1593 864 1636 vero
890 1573 1003 1637 animos
1030 1575 1118 1638 altius
1139 1574 1250 1640 efferre

91 1655 303 1740 'erioremque
338 1654 472 1802 spiritum
505 1655 612 1718 ducere
644 1655 843 1740 incipiebant:
886 1657 1013 1720 maxime
1048 1680 1120 1722 voro
1141 1660 1250 1724 inertia

78 1747 111 1805 et
134 1740 259 1825 ignavia
291 1760 348 1823 qua
368 1760 414 1801 am
441 1739 559 1801 liberati
587 1743 656 1800 sunt
682 1739 773 1800 animi
800 1758 852 1819 co,
885 1740 961 1822 quod
991 1740 1079 1805 lones
1110 1763 1249 1808 commer-

80 1823 190 1888 ciorum
221 1822 425 1886 vicissitudine
455 1821 603 1885 coniuncti
635 1829 721 1884 erant
755 1842 818 1884 cum
851 1823 963 1885 exteris
995 1825 1109 1911 populis
1137 1847 1156 1890 a
1187 1828 1250 1911 qui-

78 1907 134 1972 hus
163 1907 255 1971 multa
283 1915 313 1970 et
338 1907 460 1969 inventa
489 1905 602 1969 utiliter
628 1912 659 1968 et
683 1905 851 1991 excogitato
880 1907 1031 1994 sapienter
1054 1910 1249 1996 repetierunt:

78 1990 178 2077 itaque
198 1990 307 2054 lactum
328 1997 391 2070 est,
418 1997 450 2053 ut
469 1991 500 2052 in
522 1989 575 2053 illa
589 1996 669 2053 terra
690 1989 780 2053 multo
806 1990 889 2078 prius
911 2011 996 2076 quam
1017 1992 1049 2055 in
1069 1992 1135 2081 ipsa
1157 1993 1250 2059 Grae-

80 2077 126 2143 cia
145 2075 271 2161 ingenia
291 2075 451 2139 laetissime
473 2073 705 2138 efflorescerent.
731 2072 830 2147 Quare
851 2075 893 2138 ibi
914 2075 1038 2162 primum
1061 2078 1249 2162 exstiterunt,

80 2161 129 2247 qui
158 2160 265 2224 ceteris
292 2160 420 2246 negotiis
448 2158 583 2243 curisque
609 2159 696 2222 vacui
722 2178 836 2223 omnem
861 2180 982 2247 operam
1009 2161 1042 2224 in
1069 2163 1134 2227 veri
1154 2162 1251 2248 inqui·

80 2245 187 2311 sitione
209 2252 294 2329 atque
319 2244 512 2330 indagatione
534 2252 689 2331 ponerent:
720 2244 831 2307 versati
852 2253 948 2309 autem
973 2247 1155 2333 potissimum
1181 2257 1252 2313 sunt

78 2329 114 2395 iu
137 2351 235 2393 rerum
262 2337 368 2392 natura
388 2327 628 2415 contemplanda,
650 2350 771 2413 quarum
797 2329 894 2392 causis
916 2336 947 2393 et
972 2334 1183 2478 prppressibus
1203 2334 1249 2398 in·

79 2413 227 2500 dagandis
253 2414 290 2477 ad
319 2412 413 2500 ipsam
439 2414 592 2476 veritatem
626 2413 766 2476 accedere
791 2413 974 2477 studuerunt.
1036 2435 1109 2499 eque
1134 2418 1250 2501 mirum,

78 2497 198 2564 Ionicos
222 2497 412 2585 philosophos
439 2496 477 2561 ad
502 2518 568 2577 reS,
589 2516 663 2580 quae
684 2497 738 2559 sub
760 2497 909 2561 oculorum
936 2497 1104 2600 adspectum
1132 2502 1250 2584 cadunt

78 2582 304 2682 cognoscendas
336 2582 451 2645 animos
482 2581 664 2658 advertisse,
695 2600 818 2645 necesse
852 2582 930 2646 euim
963 2582 1040 2664 luit,
1067 2590 1100 2647 ut
1125 2585 1251 2672 primum

78 2670 173 2733 snsmi
193 2689 211 2731 a
232 2674 354 2730 naturae
377 2664 502 2729 vinculis
523 2664 607 2750 quasi
633 2664 845 2747 liberarentur,
871 2665 949 2751 quod
968 2687 1030 2731 non
1055 2674 1171 2817 bom
1191 2669 1250 2736 alio

79 2751 167 2818 modo
188 2752 270 2832 lieri,
296 2772 381 2835 quum
408 2771 508 2814 rerum
533 2751 629 2814 causis
655 2750 833 2838 perspectis:
866 2758 896 2814 et
921 2751 987 2838 ipsa
1008 2753 1080 2816 coo'
1104 2754 1250 2821 serenitas

78 2835 195 2920 solique
215 2835 334 2900 ubertas
355 2835 442 2899 facile
458 2834 531 2899 illud
548 2835 674 2898 studium
692 2835 842 2899 excitavit.
869 2835 1027 2900 Diversum
1045 2838 1082 2902 ab
1104 2837 1153 2903 his
1172 2840 1251 2904 viam

77 2920 175 2987 secuti
195 2931 264 2985 sunt
283 2921 305 2985 ii
318 2919 495 3009 philosophi,
515 2918 566 3003 qui
586 2941 648 2984 non
668 2919 710 2983 ita
729 2920 819 2984 multo
840 2928 908 3008 post
917 2921 948 2984 in
961 2919 1066 2986 Sicilia
1085 2940 1251 3011 inopsque

78 3004 209 3073 Graecia
228 3005 421 3071 exstiterunt:
442 3004 475 3069 hi
496 3004 585 3085 enim,
606 3025 670 3068 cum
692 3011 722 3068 et
741 3004 800 3093 ipsi
814 3003 905 3069 alacri
925 3014 1027 3070 essent
1048 3007 1146 3072 auimo
1167 3029 1251 3094 mag·

76 3111 178 3175 noque
197 3091 337 3177 ingenio,
379 3109 535 3174 rerumque
561 3089 747 3153 extrinsecus
772 3089 934 3176 positarum
960 3108 1021 3154 nou
1051 3091 1149 3160 minus
1169 3091 1250 3157 felici

77 3174 247 3243 conditore
268 3181 421 3239 uterentur
442 3194 527 3258 qoam
547 3173 653 3254 Iones,
674 3175 731 3237 etsi
752 3194 812 3238 non
833 3180 1010 3262 spreverunt
1033 3173 1108 3240 illud
1128 3182 1250 3240 nabuao

76 3281 179 3333 rorum
200 3258 390 3346 indagandae
410 3257 553 3339 studium,
579 3259 699 3346 propius
720 3265 819 3322 tamen
838 3259 876 3323 ad
896 3257 991 3346 ipsam
1009 3259 1164 3324 veritatem
1221 3281 1251 3324 r-

78 3343 261 3433 spiciendam
284 3350 489 3424 accesserunt,
515 3343 651 3442 qnoniam
672 3343 787 3407 ratione
808 3349 839 3406 et
858 3349 957 3407 mente
976 3344 1076 3408 omnia
1096 3281 1251 3432 eomplbbi.

80 3438 114 3497 ot
132 3430 165 3494 in
186 3428 277 3494 animi
297 3427 480 3516 potissimum
501 3449 532 3491 vr
557 3434 587 3491 et
608 3433 714 3491 natura
739 3426 946 3513 cognoscenda
972 3427 1082 3492 versati
1102 3437 1189 3511 sunt,
1214 3429 1250 3493 ad

77 3536 169 3600 quem
197 3511 296 3577 omnia
313 3513 500 3578 referebant
554 3511 665 3576 Postea
692 3532 764 3575 vero
791 3529 875 3595 quam
896 3508 1035 3576 Athenae
1061 3518 1164 3577 auctae
1188 3515 1251 3600 opi-

80 3600 138 3664 bus
165 3604 196 3662 et
222 3597 349 3679 divitiis,
376 3618 472 3681 neque
498 3594 594 3661 miuus
620 3594 783 3660 litterarum
809 3595 972 3680 artiumque
999 3597 1171 3685 optimarum
1193 3605 1252 3661 tra·

82 3683 211 3748 datione
231 3681 380 3770 insignes,
401 3688 520 3770 praeter
540 3687 654 3745 ceteras
667 3681 800 3745 ciuitatm
822 3679 1001 3762 enituerunt,
1022 3687 1053 3745 et
1072 3681 1149 3767 quod
1163 3680 1251 3746 Plato

83 3768 155 3835 dicit
163 3768 198 3833 in
207 3766 379 3855 Protagora
384 3771 413 3852 ⁰)
427 3766 514 3857 quasi,
520 3773 695 3855 prytaneum
716 3764 806 3830 totius
818 3763 964 3831 Graeciae
977 3764 1167 3848 exstiterunt,
1177 3765 1252 3831 baec

1243 3416 1249 3426 r

151 4019 180 4088 ·)
199 4037 228 4088 p.
244 4017 296 4072 337
312 4019 351 4072 D:
382 4011 472 4097 ‘Hpc'rg
493 4001 541 4068 οὖν
564 4013 683 4100 αἰσχρὸν
697 4012 746 4082 τὴν
761 4014 816 4085 μὲν
832 4009 920 4086 φύσιν
942 4015 998 4068 τῶν
1019 4009 1194 4086 πραγμάτων
1210 4017 1251 4069 sl·
1273 4090 1276 4094 Ι

86 4085 177 4152 diros,
201 4077 379 4154 σοφωτάτους
401 4084 432 4136 δὲ
453 4099 535 4143 οντας
554 4083 609 4136 τῶν
625 4078 757 4150 Ελλήνων
779 4085 827 4136 καὶ
843 4080 904 4137 κατ’
924 4079 991 4136 αὐτὸ
1008 4085 1086 4136 τοῦτο
1103 4082 1155 4136 νῦν
1171 4085 1251 4143 ξυνε-

86 4148 238 4220 ληλυθότας
254 4152 299 4217 τῆς
315 4169 342 4204 τε
351 4144 480 4210 Ἑλλάδος
496 4152 535 4209 εἰς
552 4147 618 4203 αὐτὸ
635 4147 666 4204 τὸ
683 4156 850 4221 πρυτανεῖον
866 4150 912 4218 τῆς
928 4152 1094 4222 comdemnat
1110 4147 1192 4215 αὐτῆς
1206 4151 1252 4215 τῆς

86 4221 191 4280 πόλεως
215 4222 256 4278 alr
281 4214 329 4271 τὸν
343 4222 478 4289 μέγιστον
500 4220 549 4271 uel
573 4212 738 4287 ὀλβιώτατον
760 4213 841 4273 οἶκον
854 4213 952 4286 τόνδε,
983 4217 1075 4292 μηδὲν
1090 4211 1252 4292 ιούτουιοῦ

87 4284 241 4361 &separor
257 4277 336 4347 ἄξιον
353 4281 566 4356 ἀποφήνασθαι.

983 4369 1052 4434 11*
