2760 4792
41 184 45 193 ’
112 194 176 262 186
490 190 892 263 COMMENTATIONES

112 361 216 430 Aristo
236 363 314 429 bane
324 368 354 428 et
364 362 551 427 Aristomene
571 363 603 427 in
624 369 772 428 certamen
793 364 955 448 descendit,
975 365 1029 431 sed
1048 368 1142 432 victus
1164 367 1275 435 disces·

112 449 163 530 sit,
184 384 242 515 vid.
258 446 567 535 didasc.Aristoph.E
588 449 666 513 uite:
687 450 821 531 Πρῶτος
839 451 937 514 ἐνίκα·
959 447 1099 536 δεάτερος
1119 455 1274 540 Κρατῖνος

112 531 281 622 Σατύροις,
308 535 410 617 τρίτος
425 469 640 615 Ἀριστομδνης
654 528 851 619 Ὕλοφόροις.
893 534 987 607 Quam
1007 536 1161 601 adversam
1181 538 1276 604 furtu·

111 642 180 686 nam
207 641 300 707 aegre
325 620 447 698 ferens,
473 617 542 681 illas
568 617 733 682 comoedias
760 639 881 703 quarum
909 641 975 684 eum
1000 622 1180 709 poeniteret,
1208 622 1275 713 ipss

111 705 258 771 delevisse
269 701 400 769 videturz
421 724 489 765 uam
510 702 593 786 quod·
608 703 815 789 grammaticus
835 703 963 793 priorem
984 706 1113 771 fabulam
1128 727 1190 771 uon
1210 728 1276 773 ser·

111 798 208 855 vatam
236 808 304 852 esse
330 787 414 868 dicit,
441 785 472 850 id
499 789 586 850 etiam
606 788 639 850 iu
666 787 787 852 alteram
814 787 921 853 cadere
947 790 1097 855 existimo:
1139 790 1277 858 solebant

111 875 190 939 enim
212 872 270 961 ipsi
292 880 410 1021 poeqap,
440 871 467 934 si
488 871 701 1021 quaecqabulap
722 873 942 1020 minqusseqt
961 876 1117 962 probatae,
1138 874 1274 976 emedio

110 959 381 1110 blidin?
394 964 564 1107 ibib.
584 977 686 1104 ,itt
697 977 733 1104 ii
746 958 1276 1109 litidalldtttdhttt

112 1150 167 1213 que
194 1129 271 1213 quod
297 1127 360 1191 eius
389 1062 525 1207 l'ereus,
566 1145 640 1209 quae
667 1124 817 1190 comoedia
843 1148 903 1192 nou
929 1134 993 1192 erat
1022 1129 1153 1217 praemio
1181 1129 1275 1217 dignu

110 1213 226 1294 habita,
257 1220 376 1277 servata
405 1210 507 1275 luerit:
544 1206 781 1294 Ἀναξανδρίδης
805 1210 959 1275 διδάσκων
979 1212 1052 1277 ποτέ
1077 1208 1276 1297 διθύραμβον

1174 1294 1192 1321 ΊΙ

104 1294 274 1382 Ἀθήνησιν
293 1298 434 1377 εἰσῆλθεν
453 1291 506 1380 ἐφ’
526 1294 624 1356 *ίππου
645 1295 695 1357 καὶ
716 1289 878 1378 ἀπήγγειλέ
901 1321 931 1359 τι
951 1300 1013 1361 τῶν
1039 1298 1073 1362 ἔκ
1092 1302 1149 1363 τοῦ
1191 1322 1274 1381 σμα-

110 1402 180 1457 τος·
200 1407 239 1464 ην
258 1380 293 1445 δέ
312 1379 368 1462 τὴν
388 1376 464 1461 liquor
483 1376 577 1455 καλὸς
597 1379 649 1442 καὶ
668 1379 764 1462 μίγας
783 1382 835 1443 καὶ
855 1376 953 1462 κόμην
972 1379 1078 1466 ἵτρεφε
1099 1383 1150 1446 καὶ
1169 1322 1190 1447 d
1212 1382 1275 1469 άρει
1306 1438 1310 1445 .

111 1462 278 1551 ἁλουργίδα
304 1467 355 1529 καὶ
381 1461 537 1549 κράσπεδα
559 1468 684 1547 χρυσῶ
709 1462 816 1548 πικρὸς
836 1463 870 1527 δ’
893 1463 937 1529 ῶν
960 1464 997 1531 τὸ
1023 1458 1104 1548 ἦθος
1129 1408 1222 1531 taeda
1242 1491 1272 1533 τι

109 1556 252 1616 τοιοῦτον
272 1552 339 1635 περὶ
359 1547 414 1625 τὰς
434 1547 613 1634 κωμῳδίας·
638 1545 687 1613 ὅτε
707 1547 766 1633 γὰρ
786 1548 830 1632 μὴ
851 1547 955 1638 νικρίη.
979 1547 1145 1632 λαμβάνων
1164 1548 1274 1617 datam

110 1639 153 1713 τίς
172 1634 226 1701 τὸν
246 1635 416 1716 λιβανωτὸν
435 1642 614 1713 κατατεμεῖν
633 1634 685 1697 καί
705 1630 742 1697 οδ
753 1631 1078 1722 μετεσκεάαζενῶσπερ
1099 1636 1130 1701 οῖ
1149 1636 1274 1701 πολλοί·

110 1719 283 1785 καὶπολλὰ
312 1717 421 1802 ῖχοντα
446 1722 579 1800 κομψῶς
603 1722 666 1782 τῶν
691 1714 857 1802 δραμάτων
881 1715 1024 1805 ἠφάνιζε,
1067 1722 1273 1787 δυσκολαίνων

108 1813 174 1882 τοῖς
193 1810 321 1882 θεαταῖς
347 1803 399 1869 διδι
424 1802 461 1867 τὸ
487 1808 598 1952 γάρος·
640 1800 757 1886 λίγεται
785 1803 816 1867 δ’
840 1799 915 1868 εἶναι
939 1803 975 1869 τὸ
995 1804 1080 1888 γένος
1095 1802 1215 1883 Ῥόδιος
1238 1808 1273 1873 ἔκ

108 1890 287 1976 Καμείρου·
328 1884 482 1971 θαυμάζω
508 1912 525 1952 ο
548 1913 581 1968 ν,
610 1892 676 1963 πῶς
703 1884 719 1951 b
750 1887 869 1974 Τηρεὺς
899 1886 1053 1998 περιεσῶδ
1101 1890 1147 1975 μὴ
1171 1888 1273 1975 τυχῶν

108 1975 194 2058 νίκης
226 1977 278 2040 καί
304 1971 384 2038 tata
413 1969 558 2059 δράματα
591 1977 654 2036 τῶν
684 1969 798 2052 ὁμοίων
823 1978 880 2037 τοῦ
914 1979 1020 2039 αυτοῦ.
1090 1997 1131 2040 ma
1160 1966 1272 2043 unuh

109 2059 227 2128 Cratini
247 2058 363 2142 sabula,
383 2079 457 2143 quae
479 2057 516 2122 ad
536 2059 614 2121 hanc
634 2056 728 2144 ipsam
750 2064 874 2121 aetatem
893 2058 1053 2123 referenda
1073 2067 1136 2142 est,
1157 2061 1273 2129 videtur

109 2151 284 2210 conservata
304 2164 388 2224 esse,
409 2140 569 2220 Deliades,
618 2161 684 2203 uam
705 2139 818 2204 doctam
839 2142 967 2207 arbitror
986 2143 1089 2209 eodem
1116 2166 1195 2210 anno
1215 2166 1271 2232 quo

108 2227 253 2316 Satyros,
283 2227 315 2292 h.
337 2248 364 2291 e.
390 2225 427 2291 01
451 2246 509 2313 mp.
528 2225 560 2290 L
647 2222 775 2291 vius
806 2224 889 2290 Dion
913 2228 966 2293 siis
996 2229 1136 2311 urbanis,
1178 2252 1270 2317 eaque

107 2334 126 2379 ο
146 2314 214 2377 inor
233 2311 384 2376 victoriam
405 2247 527 2410 adeptus
547 2308 604 2373 luit
627 2315 728 2397 poeta:
754 2309 807 2374 sed
835 2248 949 2376 dehac
970 2312 1077 2378 dictum
1097 2320 1144 2379 est
1169 2336 1270 2404 supra.

135 2397 226 2462 ratini
245 2405 342 2460 aumm
362 2395 515 2482 ingenium
536 2393 588 2458 illo
609 2400 738 2494 ternpore
759 2394 925 2459 hebetatum
945 2397 1039 2462 fuisse
1058 2398 1269 2486 pristinamque

105 2482 242 2547 virtutem
270 2502 379 2582 magna
404 2500 445 2543 ex
476 2485 560 2568 parte
589 2477 755 2566 perdidisse
780 2479 854 2543 satis
885 2480 971 2546 docet
993 2480 1212 2571 Aristophanes
1236 2484 1270 2549 in

105 2567 244 2670 parabasi
256 2565 394 2650 Eqmtun
405 2585 435 2629 v.
445 2564 522 2646 531,
541 2564 593 2628 ubi
612 2562 688 2627 liber
709 2563 746 2627 ab
767 2563 879 2629 invidia
900 2573 950 2631 aut
970 2567 1026 2647 ira',
1047 2588 1112 2631 cum
1130 2568 1269 2635 eximium

105 2652 260 2740 ingenium
281 2658 311 2715 et
335 2649 505 2714 felicitatem
531 2646 638 2712 aemuli
662 2653 765 2736 poetae
793 2650 914 2714 summis
942 2651 1076 2716 laudibus
1103 2652 1269 2753 extulisset,

106 2738 240 2827 graviter
258 2733 450 2825 reprehendit
468 2730 695 2797 Atheniensium
722 2732 870 2798 levitatem
891 2741 922 2799 et
947 2736 1193 2819 inconstantiam,
1219 2758 1269 2823 qm

104 2826 290 2889 immemores
310 2839 422 2900 eorum,
442 2838 517 2903 quae
530 2815 670 2882 Cratinus
691 2816 760 2881 olim
781 2840 798 2881 e
837 2818 907 2905 egia
927 2820 1095 2885 exhibuerit
1109 2820 1269 2909 spectanda

104 2908 139 2973 in
159 2906 292 2986 theatro,
319 2902 395 2967 nihil
415 2903 479 2966 eius
501 2900 693 2966 imbecillitati
712 2838 889 2968 concedbnt:

188 2990 269 3055 Νυνὶ
290 2984 323 3052 δ’
345 2982 432 3070 ὑμεῖς
452 2983 547 3051 αὐτὸν
567 2981 697 3071 δρῶντες
716 2984 942 3071 παραληροῦντ’
961 2985 1016 3051 οὐκ
1036 2988 1141 3053 ἐλεεῖτε
1162 2992 1166 3001 “

183 3071 414 3139 Ἐκπιπτουσῶν
432 3076 495 3136 τῶν
514 3067 668 3155 ἠλέκτρων
688 3071 739 3133 καλ
759 3076 815 3134 τοῦ
835 3067 926 3136 τόνου
947 3069 1047 3136 οὐκέτ’
1071 3069 1205 3151 ἐνόντος,

190 3163 265 3222 Τῶν
284 3156 321 3222 θ’
344 3152 500 3241 ἁρμονιῶν
518 3156 770 3236 διαχασκουσῶν·
790 3152 869 3218 atto
888 3155 984 3241 γίρων
1004 3153 1048 3221 ῶν
1068 3156 1226 3245 περιίρρει,

181 3240 300 3327 Ὥσπερ
320 3244 460 3319 Κοννᾶς,
480 3238 634 3325 στέφανον
652 3238 709 3321 μέν
729 3235 806 3321 ἴχων
827 3232 911 3319 ador,
933 3242 1012 3327 δίψη
1034 3241 1065 3306 δ’
1089 3238 1267 3323 ἀπολωλώς,

181 3324 241 3394 Ὃν
258 3332 338 3412 χρῆν
358 3324 410 3390 διὰ
429 3322 487 3402 τάς
506 3322 658 3410 προτίρας
677 3325 762 3399 νίκας
781 3324 876 3389 πίνειν
894 3324 928 3390 ἓν
947 3331 992 3414 τῷ
1013 3327 1183 3413 πρυτανείῳ
1211 3394 1215 3401 ,

188 3415 255 3478 Καὶ
274 3411 318 3495 μὴ
339 3416 455 3496 ληρεῖν,
477 3406 557 3473 ἀλλὰ
576 3413 716 3473 θεᾶσθαι
736 3408 867 3495 λιπαρδν
888 3409 972 3498 παρὰ
993 3417 1036 3475 τῶ
1058 3408 1214 3500 Διονάσιμ.

104 3496 246 3568 Cratinus
267 3502 363 3562 autem
389 3517 454 3561 cum
478 3494 556 3559 hanc
581 3492 807 3560 inconstantiam
829 3516 918 3560 aurae
936 3474 1092 3585 popularis
1118 3503 1148 3561 et
1168 3516 1267 3561 aemm

102 3585 197 3651 lorum
233 3588 385 3686 poetarum
426 3579 646 3645 criminationes
677 3577 853 3663 aliquamdiu
885 3601 978 3666 aequo
1011 3581 1107 3646 animo
1132 3580 1268 3665 tulisset,

102 3670 221 3737 auden
240 3689 271 3735 m
296 3664 358 3731 enii
376 3663 458 3729 vires
478 3663 564 3748 quasi
582 3670 705 3728 veterno
726 3664 850 3749 quodam
872 3686 906 3728 ac
915 3686 1022 3754 sopore
1036 3667 1266 3731 obrutasresus·

102 3754 204 3819 citavit
223 3759 253 3818 et
272 3687 413 3899 {Q
424 3747 537 3830 docuit,
557 3754 590 3814 ut
608 3749 748 3848 ignauiae
774 3748 1009 3835 vinolentiaeque
1035 3751 1158 3815 crimina
1178 3750 1212 3815 in
1231 3770 1267 3817 se

103 3839 235 3904 coniecta
255 3835 274 3901 d
298 3839 399 3916 ueret,
426 3840 541 3898 etcum
561 3854 672 3898 comica
696 3833 780 3921 poesi
839 3833 926 3898 aliam
947 3836 1031 3919 quasi
1051 3834 1266 3903 reconciliaret.

101 3924 205 4025 Neque
229 3930 327 3986 mmen
352 3917 474 4007 posthac
503 3917 593 3984 ullam
619 3917 748 3983 edidisse
773 3855 891 3983 vidbtur
914 3919 1060 4001 fabulam,
1101 3940 1163 3985 uon
1187 3918 1266 4007 quod

101 4016 200 4075 statum
222 4007 343 4093 adeptus
364 4002 515 4068 νὶσῖοτὶοω
535 4024 553 4068 e
574 4003 635 4067 vita
655 4002 831 4085 decesserit,
853 4002 897 4087 (id
918 4004 994 4091 quod
1015 4003 1184 4086 Lueianus,
1206 4004 1265 4071 tide

101 4094 134 4161 iu
155 4093 162 4110 ‘
211 4113 244 4157 us
265 4096 382 4170 auctor,
403 4088 441 4154 de
461 4087 638 4196 Lonqaevis
660 4109 685 4154 e.
704 4088 749 4155 26
768 4089 926 4153 memorias
946 4087 1088 4177 prodidit:
1109 4092 1266 4173 Κρατῖνος

101 4178 137 4244 δὲ
194 4181 251 4261 τῆς
269 4174 432 4262 κωμῳδίας
452 4195 580 4255 ποιητης
599 4169 676 4238 {aad
701 4198 725 4237 τι
744 4168 779 4248 δς
797 4178 864 4249 τοῖς
887 4168 1063 4257 ῖνινήκοντα
1082 4170 1181 4239 ἔτεσιν
1199 4174 1266 4255 ἐβί-

102 4284 176 4343 ωσε,
197 4263 250 4327 καλ
270 4257 347 4347 πρὸς
365 4262 411 4348 τῷ
430 4255 509 4323 aaa
528 4261 586 4322 τοῖν
594 4256 667 4338 βίον
687 4196 816 4335 διδάξας
833 4256 891 4340 τὴν
908 4257 1048 4352 ῌυτίνην
1067 4259 1120 4323 καλ
1139 4255 1265 4343 νικήσας
