2760 4792
136 203 201 273 ²⁵2
516 202 919 273 COMMENTATIONES

221 377 351 454 Καλῶς,
373 368 465 459 δίφρῳ
487 369 630 451 ζέουσαν·
652 372 719 437 οὐδ’
744 371 782 437 ’ἂν
802 372 968 458 Αὗτοκλῆς

226 458 333 538 Οὕτως
352 458 398 541 μὰ
417 460 473 542 τὴν
493 464 549 543 γῆν
570 452 737 545 εὐρύθμως
755 464 794 547 τῇ
815 462 899 549 δεξιᾷ

214 542 309 631 ’Άρας
330 539 444 624 ἐνώμα.

137 631 247 697 Nescio
268 653 307 695 an
328 629 406 694 idem
427 629 467 694 sit
487 627 628 693 hutocles
650 648 735 712 quem
756 628 904 693 accusavit
924 628 1113 715 Hyperides,
1140 629 1201 697 vid.
1222 630 1308 699 Har·

138 724 248 805 pocrat
269 738 298 804 p.
319 715 372 795 85,
395 714 446 779 14.
466 715 520 794 88,
542 713 592 776 17.
615 714 688 794 108,
709 715 759 779 16.
782 714 855 795 127,
876 714 927 778 29.
949 715 1022 794 151,
1045 714 1086 779 16
1107 721 1138 780 ο1
1159 717 1233 798 171),
1251 716 1306 785 11.

137 801 390 952 einqqemffletiam
420 799 454 864 in
478 796 612 887 Epiclem
642 798 700 862 fnit
731 799 841 881 oratio,
884 798 942 863 vid.
970 799 1131 888 Harpocr„
1149 822 1179 890 p.
1198 802 1306 885 51,s

137 894 168 950 et
310 922 338 949 .-

221 934 271 1033 lix
283 967 400 1035 Cratini
421 965 578 1032 comoediis
599 966 777 1033 auctoribus
800 967 998 1054 grammaticis
1020 989 1081 1033 non
1101 989 1196 1057 pauca
1213 990 1307 1037 voca·

11 1048 14 1053 ’
136 1055 206 1120 bula
225 1053 407 1135 afferuntur,
438 1072 512 1138 qnae
538 1072 610 1118 cave
638 1060 748 1116 temere
774 1073 898 1140 spernas
921 1060 971 1118 ant
990 1054 1145 1141 negligas:
1173 1075 1249 1121 sane
1275 1056 1306 1121 si

137 1141 202 1226 quis
223 1140 296 1203 haec
316 1138 439 1225 singula
458 1135 635 1219 consideret,
655 1158 706 1200 res
727 1157 788 1200 nou
807 1138 850 1201 ita
863 1139 965 1226 magui
985 1139 1124 1202 momenti
1145 1137 1305 1223 videbitur,

137 1232 168 1289 at
188 1225 215 1289 si
235 1225 269 1288 in
288 1245 378 1287 unum
403 1223 478 1285 haec
505 1224 609 1286 omnia·
630 1221 819 1286 coniunxeris
847 1229 876 1285 et
897 1224 950 1286 suh
976 1222 1114 1287 indicium
1134 1226 1305 1309 vocaveris,

136 1317 196 1374 tnm
218 1308 325 1397 optime
346 1326 525 1394 cognosces,
552 1328 608 1391 qno
630 1306 746 1371 dicendi
767 1327 879 1394 genere
900 1329 970 1371 usus
992 1308 1032 1371 sit
1052 1306 1204 1374 Cratinus.
1242 1308 1306 1375 llic

137 1395 215 1459 enim
241 1400 329 1481 poeta
350 1391 436 1457 sicuti
457 1393 635 1457 comoediam
661 1392 805 1455 iacentem
832 1399 919 1455 antea
940 1400 970 1456 et
990 1398 1163 1465 contentam
1188 1393 1305 1482 primns

134 1479 327 1559 instauravit,
348 1478 391 1542 ita
411 1477 499 1540 etiam
521 1496 685 1541 sermonem
705 1476 751 1540 rei
771 1476 895 1540 novitati
916 1478 1160 1543 accommodatum
1179 1480 1305 1567 reperit,

136 1563 200 1628 lam
227 1561 466 1648 quemadmodum
492 1560 525 1624 in
551 1563 615 1626 eius
644 1561 741 1625 animo
769 1562 940 1648 magnitudo
962 1562 1105 1647 quaedam
1131 1569 1162 1628 et
1186 1584 1306 1631 summa

136 1647 269 1747 gravitas
301 1648 457 1735 conspicua
488 1653 549 1727 est,
590 1648 633 1711 ita
660 1646 747 1710 etiam
774 1647 868 1710 oratio
895 1646 1072 1711 sublimitate
1098 1653 1129 1712 et
1154 1647 1305 1737 dignitate

134 1732 266 1819 insignis
288 1739 348 1814 est,
372 1738 421 1795 ·et
441 1732 573 1815 quamvis
600 1738 689 1820 poeta
713 1736 812 1794 utatur
838 1753 974 1796 sermone
996 1753 1014 1795 a
1035 1731 1203 1817 quotidiana
1229 1754 1306 1799 con-

135 1817 290 1882 suetudine
311 1838 371 1881 nou
393 1816 481 1879 nimis
503 1816 617 1897 alieno,
643 1837 728 1901 quem
747 1816 861 1900 quidem
883 1816 1049 1881 comoediae
1070 1816 1146 1882 ratio
1171 1816 1302 1919 flagitat,

135 1903 164 1968 ei
189 1910 289 1968 tamen
314 1901 500 1991 splendorem
523 1901 668 2000 quendam
689 1908 719 1964 et
744 1902 914 1965 varietatem
942 1901 1095 1966 ineundam
1122 1903 1303 1988 concihavit,

135 2008 209 2073 quae
229 1988 412 2077 popularium
433 1986 556 2071 ingemo
577 2006 699 2072 prorsus
720 1984 818 2049 fuerat
839 1986 1069 2068 accommodata,
1095 1985 1138 2051 ita
1157 1996 1190 2051 ut
1209 1987 1303 2055 etiam

134 2073 172 2137 ah
194 2074 320 2172 antiquis
333 2071 531 2159 grammaticis
551 2091 643 2157 purae
658 2069 823 2156 politaeqnc
835 2070 976 2134 orationis
1013 2072 1186 2136 rarissimus
1196 2080 1303 2139 auctor

134 2158 185 2222 sit·
203 2158 331 2223 habitus.
373 2154 414 2218 Et
434 2154 624 2239 Phrynichus
646 2153 762 2237 quidem
793 2153 965 2241 saepissime
987 2092 1104 2221 iratior
1130 2157 1301 2225 testimonio

133 2263 206 2306 usus
228 2248 289 2323 est,
310 2239 370 2304 vid.
388 2240 532 2327 Praepar.
554 2237 677 2348 sophist.
699 2259 745 2325 ap.
767 2236 1023 2305 Bekhdnecdot.
1045 2240 1087 2305 Τ.
1100 2240 1125 2306 l.
1145 2263 1175 2329 p.
1194 2242 1298 2325 ³35:

127 2325 299 2401 Ἀνελκταΐς
318 2319 431 2409 ὀφρύσι
449 2321 573 2402 σεμνόν·
591 2327 733 2397 Αττικῶς
749 2320 826 2386 αὐτὸ
844 2325 894 2385 καὶ
911 2330 1027 2404 σεμνῶς
1038 2328 1193 2410 Κρατῖνος
1207 2324 1299 2407 εἶπεν,

131 2412 203 2476 ibid.
223 2413 257 2493 7,
270 2413 301 2477 9.
321 2409 354 2491 8,
368 2410 402 2473 6:
425 2407 454 2471 oi
463 2406 567 2489 μέντοι
580 2406 710 2475 Ἀττικοὶ
730 2405 785 2489 τὴν
796 2405 969 2492 ἀρρωστίαν
982 2411 1030 2474 ἐπὶ
1048 2416 1104 2475 τοῦ
1115 2411 1160 2495 μὴ
1172 2416 1300 2498 προθα-

131 2499 259 2579 petatur
270 2495 349 2577 μηδὲ
363 2490 462 2578 ὁρμᾶν
477 2497 590 2577 πρᾶξαι
602 2491 759 2557 τιθέασιν·
781 2491 816 2556 τὸ
828 2492 886 2579 γὰρ
899 2493 1099 2576 ἀντικείμενον
1107 2501 1145 2582 τῇ
1166 2492 1257 2562 τοια’

131 2573 1121 2732 111111111111111111111161011111·
1162 2582 1298 2735 ‘lilla

131 2689 259 2815 uiuaci
278 2773 307 2839 p.
328 2711 488 2846 13111οό.
509 2711 671 2814 aho'rsa‘
688 2711 766 2811 anim
786 2768 815 2848 p
826 2687 902 2813 145⁰
911 2686 1155 2815 similagini
1170 2750 1296 2837 tanqua

132 2836 269 2921 antiquae
288 2832 455 2898 comoediae
476 2833 642 2897 auctoribus
664 2839 823 2920 compomt:
850 2829 1029 2920 Ζωρότερον
1049 2829 1066 2898 ὃ
1088 2831 1232 2919 ποιητής,
1251 2834 1296 2901 σι)

131 2920 165 2983 δὲ
191 2918 256 3003 λέγε
282 2917 412 3002 εὔζωρον
437 2915 567 3000 κέρασον
597 2919 649 2980 καὶ
676 2914 892 3002 εὖζωρότερον·
928 2915 970 2995 ὡς
989 2916 1213 3005 Ἀριστοφάνης
1239 2922 1297 2985 aul

130 3005 284 3090 Κρατῖνος
311 3004 362 3067 καὶ
390 2998 533 3079 Εὔπολις.
566 3002 615 3066 uhi
641 3002 718 3087 quod
743 3003 926 3090 praeteriens
954 3023 1073 3085 moneo,
1099 3003 1294 3103 Phrynichus

126 3097 248 3240 prepter
268 3089 342 3153 alios
350 3086 563 3238 plargstophanis
585 3086 665 3152 locos
686 3086 803 3153 videtur
823 3108 889 3151 enm
910 3089 1101 3176 spectavisse,
1122 3109 1172 3175 qm
1192 3090 1294 3157 estin

156 3196 288 3240 ccesrar.
308 3195 338 3237 v.
420 3196 428 3237 ι

207 3255 289 3323 ’1δοῦ
309 3281 342 3341 γε
363 3280 412 3321 σοι
432 3256 564 3321 πίνουσι.
605 3259 637 3320 Γ
638 3259 672 3321 Υ.
693 3253 744 3339 Νὴ
766 3255 822 3338 τὴν
834 3253 986 3343 Ἄρτεμιν,

212 3345 277 3408 Καὶ
298 3338 399 3407 reticui
419 3340 451 3427 γ’
475 3339 615 3429 εἶν’ζωρσν.

128 3434 159 3496 ε1
178 3428 249 3495 1111.
269 3450 299 3493 v.
320 3429 399 3491 227:

213 3511 278 3578 Τὸν
299 3508 380 3577 οἶνον
400 3508 531 3596 εὔζωρον
551 3505 676 3596 φελοῦσ’
699 3504 800 3594 ὥσπερ
822 3507 881 3595 πρὸ
902 3514 970 3576 τοῦ.

126 3598 171 3665 At
185 3621 257 3664 nero
278 3597 327 3662 hic
348 3596 462 3683 quidem
482 3617 589 3660 versus
611 3594 844 3680 aequabilitatem
865 3596 1006 3661 orationis
1019 3595 1106 3661 valde
1126 3596 1291 3685 perturbat,

125 3706 194 3750 uam
221 3689 251 3749 et
277 3689 388 3772 septem
407 3702 530 3762 versus,
556 3681 606 3766 qui
630 3680 809 3769 praecedunt
835 3687 866 3747 et
892 3681 920 3745 is
948 3682 997 3767 qni
1024 3681 1156 3766 seqnitur
1180 3682 1292 3749 cadunt

125 3791 226 3834 omues
246 3769 280 3834 in
292 3804 342 3828 .-
371 3790 457 3831 ουσιν
477 3761 579 3849 ὥσπερ
607 3767 658 3829 καὶ
679 3763 739 3848 πρὸ
759 3770 831 3843 τοῦ,
859 3764 934 3851 quod
955 3774 988 3830 nt
1007 3766 1063 3830 hoc
1084 3786 1197 3852 quoque
1223 3766 1289 3833 loco

123 3856 296 3920 restituatur
314 3852 431 3940 flagitat
450 3850 501 3914 lex
521 3849 742 3932 concinnitatis,
763 3850 970 3938 corrigendum
989 3851 1084 3938 igitur
1102 3852 1246 3917 arbitror:

209 3938 287 4004 Τὸν
308 3935 462 4021 εὕζορον
484 3940 664 4020 φιλοῦσιν
685 3931 786 4019 ὥσπερ
808 3937 870 3999 κα1
892 3934 952 4021 πρὸ
973 3941 1040 4002 τοῦ.

123 4024 213 4090 Hanc
233 4022 375 4089 orationis
397 4021 590 4086 constantiam
610 4026 642 4084 nt
663 4026 811 4103 servaret,
832 4041 921 4085 ansus
943 4028 989 4085 est
1007 4027 1094 4110 poeta
1113 4019 1163 4085 vel
1183 4028 1287 4087 conus

122 4109 361 4175 consuetudinem
388 4106 511 4171 formam
538 4103 661 4190 εἰὶζορον
686 4125 814 4187 novare,
844 4106 872 4170 si
899 4106 1012 4191 quidem
1038 4106 1174 4170 novavit:
1216 4128 1285 4173 nam

122 4195 300 4260 simillimam
331 4192 456 4256 formam
488 4191 600 4255 notavit
624 4189 811 4276 Hesychius:
844 4190 1026 4275 Ζωροτέρα·
1061 4189 1285 4278 ἄκρατεσεέρα·

123 4281 164 4347 ibi
184 4300 257 4347 vero
282 4297 321 4342 ex
348 4275 412 4343 cod.
455 4272 572 4344 Veneto
592 4274 747 4362 flagitante
767 4275 853 4341 otiam
882 4275 1044 4342 litterarum
1071 4276 1175 4343 ordine
1195 4276 1285 4342 resti·
