2768 4770
502 184 903 261 communiebat

246 355 305 427 nl.
356 356 528 426 Andocides
549 356 803 508 Cpnatheniensis
823 378 864 424 ex
883 354 1081 439 Pandiouide,

247 440 308 521 W.
356 440 458 509 creon
484 441 573 510 Scam
593 444 697 509 onideu
719 464 759 509 ex
778 443 939 525 Leontide,

248 526 289 597 V.
357 527 493 593 Pericles
515 525 731 616 Cholargensis
752 550 793 594 ex
812 528 1047 604 Acamantida,

248 611 305 681 Vh
360 611 494 679 Glaucon
515 611 707 680 Ceramensis
727 634 768 680 ex
787 613 1017 689 Acamantide,

247 694 318 765 vll.
354 694 545 763 Callistratus
564 697 771 764 Achaimeneis
796 719 837 764 ex
858 696 1003 781 Oeneide,

247 778 333 850 Vlll.
352 781 520 871 Xenophon
540 781 710 850 Melitensis
731 803 772 849 ex
792 782 967 883 Cecropide.

121 864 182 934 Hic
201 886 273 932 vero
295 873 361 932 erat
379 870 453 933 ordo
473 870 602 933 tribuum
628 868 776 934 solennisc
838 867 928 933 uhhci
954 872 1053 931 autem
1079 861 1209 931 alicuius
1234 884 1295 933 ιο-

121 952 213 1019 monti
228 951 556 1019 auctoritatemsecutus
578 975 646 1019 esse
665 954 782 1019 videtur
853 953 980 1017 drotion.
1021 948 1064 1015 Et
1082 949 1212 1039 primurn
1233 951 1294 1039 qui·

121 1037 189 1103 dem
209 1036 286 1123 quod
306 1034 470 1125 Sophocles
497 1038 627 1103 secundo
653 1038 719 1103 loco
745 1042 1004 1119 commemoratur,
1036 1055 1076 1099 ex
1097 1055 1135 1099 eo
1156 1035 1233 1103 mihi
1251 1035 1294 1101 si·

120 1120 194 1187 deur
213 1142 275 1187 non
294 1122 410 1187 incerta
429 1123 598 1187 coniectura
621 1123 781 1212 colligere,
813 1120 960 1189 Colonum
985 1119 1146 1207 antiquitus
1172 1118 1213 1187 ud
1232 1118 1294 1187 Ae·

121 1206 239 1295 geidem
272 1207 395 1289 tribum,
436 1215 541 1296 postea
569 1207 685 1274 domum
718 1209 756 1275 ad
781 1205 991 1275 Antiochidem
1011 1204 1216 1306 pertinuisse,
1256 1203 1294 1273 la

120 1311 179 1391 uua
205 1312 240 1357 re
260 1292 467 1379 ambigebatur
492 1293 597 1360 adhuc.
638 1292 759 1360 Deinde
780 1300 877 1359 autem
897 1297 928 1357 et
946 1289 1083 1356 Pemcles
1105 1286 1293 1379 cuolngsa·

120 1396 166 1440 sss
191 1382 224 1441 et
249 1375 362 1442 Glauco
384 1374 575 1443 Ceramensis
602 1378 730 1445 suntad
750 1377 977 1445 Acamantidem
996 1374 1105 1441 tribum
1124 1374 1293 1441 referentis

120 1466 152 1528 et
176 1460 234 1527 hoc
263 1481 338 1526 sane
359 1468 463 1528 ooutra
487 1464 728 1529 consuetudinem
755 1463 864 1529 factum
890 1467 951 1526 ests
982 1480 1047 1525 uon
1066 1466 1167 1525 amen
1187 1459 1293 1529 mim

119 1551 168 1615 est
193 1546 226 1611 in
250 1543 371 1611 Pericle
398 1546 466 1612 uiro
492 1550 622 1614 omnium
642 1550 804 1614 fortissimo
823 1547 926 1632 reique
944 1544 1082 1610 militaris
1100 1544 1294 1635 peritism'm,

119 1636 191 1697 tuuc
215 1630 342 1697 civimtis
369 1631 502 1722 principe
522 1633 725 1699 Athenienses
746 1654 766 1698 a
785 1632 920 1721 legitimo
940 1651 1023 1695 more
1041 1630 1209 1697 recessisse
1261 1636 1294 1697 ut

119 1736 186 1782 cum
205 1714 265 1781 iam
287 1715 467 1782 Glauconem
493 1716 697 1785 Acamantidis
722 1717 846 1784 tribules
867 1714 1068 1805 delegissent,
1098 1714 1171 1781 huic
1189 1678 1294 1783 edin-

119 1806 229 1895 gereut
252 1799 410 1868 Periclem.
455 1801 661 1871 Acamantidis
687 1805 783 1869 trihus
808 1808 962 1893 praetores
989 1800 1129 1866 continuo
1146 1818 1192 1867 ex
1211 1820 1295 1867 nors

118 1884 1294 2062 tiltltlatbb⁰tt⁰tttt³hitbffhl⁰tlbbbtd¹a

118 2057 215 2139 antis,
235 2053 409 2138 Antiochia,
430 2020 555 2122 ne’cesse
575 2064 636 2139 eet,
658 2078 747 2123 unam
768 2077 808 2122 ex
827 2056 876 2122 his
896 2019 1031 2122 tribubus
1051 2055 1187 2121 caruisse
1198 2074 1295 2157 prus·

118 2146 199 2207 ure:
231 2140 366 2206 videmus
392 2140 487 2229 igitur
511 2140 572 2206 iam
596 2147 657 2207 tum
682 2139 886 2207 Athenienses
907 2139 1069 2207 descivisse
1089 2140 1127 2207 ab
1148 2160 1295 2209 malam

118 2225 269 2292 instituto:
300 2225 430 2290 fortasse
451 2231 548 2290 autem
568 2224 623 2290 illu
644 2224 803 2292 difficultas
828 2225 872 2291 ita
897 2231 944 2292 est
974 2224 1123 2309 tollenda,
1153 2232 1189 2291 ut
1211 2224 1295 2293 aiu·

118 2331 184 2379 mus
210 2330 301 2373 unum
326 2329 367 2374 ex
387 2308 488 2374 decem
508 2311 693 2399 praetoribus
713 2310 799 2376 initio
821 2309 893 2379 anni
914 2316 966 2376 aut
984 2316 1130 2377 mortuum
1151 2330 1224 2377 esse
1245 2314 1295 2377 aul

117 2415 241 2463 munere
266 2398 300 2458 ut
324 2393 512 2459 abdicaretur
536 2401 683 2480 coactum,
716 2393 823 2461 deindo
848 2403 946 2462 autem
974 2395 1065 2462 ulium
1091 2401 1144 2460 aut
1164 2394 1294 2463 Glauco·

117 2497 186 2544 nem
206 2478 288 2544 illum
309 2484 361 2543 aut
379 2477 529 2544 Periclem
547 2479 581 2544 in
606 2481 670 2545 eius
691 2479 787 2546 locum
808 2501 876 2546 esse
896 2479 1069 2563 suffectum,
1094 2478 1293 2566 nequeenim

116 2562 202 2630 initio
228 2565 326 2629 statim
354 2561 426 2628 anni
452 2564 591 2629 videntur
617 2564 717 2630 decem
748 2565 801 2630 alii
826 2586 867 2630 ex
892 2565 1022 2653 singulis
1048 2564 1184 2630 tribubus
1205 2564 1293 2631 oleru·

117 2665 202 2731 esse,
223 2648 273 2733 qui
293 2647 517 2731 sufficerentur,
542 2647 659 2734 quando
679 2655 762 2715 esset
780 2670 869 2738 opus:
894 2657 966 2739 puto
987 2649 1066 2715 enim
1083 2650 1144 2715 hoc
1162 2650 1197 2715 in
1218 2648 1292 2723 σοί·

116 2734 304 2798 senatoribus
332 2740 363 2798 et
393 2733 582 2799 archontibus
608 2754 669 2801 usu
693 2733 828 2801 venisse:
871 2735 925 2799 sed
950 2734 1066 2801 incerta
1088 2734 1167 2807 haec
1190 2734 1292 2805 fateor

115 2820 251 2885 nituntur
280 2817 457 2887 coniectura.
498 2818 563 2887 lam
586 2819 664 2919 quod
690 2818 755 2885 dixi
779 2817 957 2909 Sophoclem
977 2818 1116 2887 Timocle
1146 2818 1292 2891 archonte

114 2909 382 3056 ffimw·e⁸se·
403 2902 565 3013 delectum3
596 2904 629 2972 1d
653 2904 720 2994 ipse
745 2924 864 3015 quoqpe
880 2905 1082 3011 auctor'vitae
1102 2902 1198 3013 S‘oph.
1218 2926 1292 2971 σοι·

114 2987 538 3157 οηίλῗαῖλῖίίῖηοέίῖ
552 2991 717 3160 {itta
736 2987 1292 3158 httattztttt'ttabbt

114 3157 148 3227 ἔν
173 3162 219 3247 τῷ
244 3156 322 3242 πρὸς
340 3157 467 3223 Ἀναίαν
493 3156 628 3246 πολέμῳ.
676 3158 857 3246 Quamquam
883 3159 959 3246 quod
987 3158 1025 3225 da
1046 3180 1125 3225 anna
1146 3157 1221 3227 llicit
1239 3158 1291 3227 ad·

113 3242 231 3311 modum
255 3244 402 3309 incertum
429 3248 478 3309 est
504 3264 600 3329 neque
620 3245 775 3332 congruit,
801 3251 882 3311 recte
903 3252 1001 3311 tamen
1022 3243 1093 3311 dicit
1111 3242 1292 3347 Sophocle!

113 3326 288 3393 interfuisse
314 3327 393 3392 bello
419 3327 564 3394 aduersus
584 3327 737 3395 Auseamc
779 3330 837 3394 hoc
862 3330 942 3394 enim
968 3337 1070 3419 operte
1096 3335 1229 3418 perfluet
1252 3326 1292 3395 sd

132 3413 196 3479 rius
216 3412 289 3477 belli
309 3410 405 3477 Samii
424 3419 483 3479 tem
503 3434 554 3479 us:
596 3413 660 3479 lem
687 3433 760 3479 vero
805 3415 863 3481 uod
885 3414 969 3481 idem
994 3414 1075 3480 vitae
1095 3420 1199 3481 auctor
1219 3412 1292 3485 didi

112 3430 290 3587 Euphraten
318 3497 464 3587 collegam
483 3434 630 3566 habuisse
649 3497 763 3586 Thucy
784 3500 791 3514 '
814 3521 877 3567 em:
925 3496 972 3564 Ori
998 3498 1059 3585 yolo
1079 3496 1160 3575 εἰκὸς
1177 3496 1238 3565 τὸν
1255 3498 1292 3569 Β

113 3587 170 3647 τοῦ
201 3577 344 3647 τοιούτου
375 3580 534 3666 γενόμενον
564 3584 751 3670 στρατηγίας
780 3582 954 3667 ἀξιωθῆναι
980 3583 1042 3649 edu
1066 3584 1218 3669 Περικλεῖ
1237 3584 1291 3649 sul

114 3668 309 3750 Θουκυδίδῃ,
330 3676 396 3743 τοῖς
416 3665 549 3752 πρώτοις
567 3674 624 3751 τῆς
644 3666 771 3745 πόλεως.
802 3669 834 3736 id
853 3691 956 3734 verum
977 3690 1046 3735 esse
1066 3688 1148 3757 nego
1168 3674 1291 3821 sbff-

110 3772 151 3819 ue
175 3773 203 3819 o.
244 3750 454 3839 Thucydidem
474 3754 577 3821 docem
597 3754 771 3819 interfuisse
790 3754 860 3819 huic
876 3751 978 3819 Samio
999 3753 1078 3819 bello
1099 3753 1189 3821 etium
1275 3792 1291 3807 ·

110 3774 234 3926 eydides
254 3837 350 3901 refert
369 3837 497 3921 1.-117,
528 3839 583 3905 sed
611 3860 651 3905 ex
674 3838 728 3904 illo
753 3838 819 3905 loco
845 3840 920 3905 satis
951 3845 1089 3929 apparet,
1131 3858 1200 3907 sum
1227 3858 1291 3909 nou

109 3922 207 3991 fnisse
227 3920 372 4010 collegam
393 3920 565 4012 Sophoclis:
591 3924 662 3990 dicit
681 3924 775 3990 enim:
817 3925 883 3989 Kal
904 3925 938 3988 ἐκ
958 3931 1021 3989 τῶν
1035 3921 1179 4005 Ἀθηνῶν
1197 3918 1291 3991 δοτι-

107 4032 168 4119 pov
198 4002 460 4092 προσεβοήθησαν
489 4005 718 4096 τεσσαράκοντα
748 4008 806 4090 μίν
835 4008 868 4073 αἱ
898 4007 976 4090 μετὰ
1005 4008 1203 4073 Θουκυδίδου
1235 4010 1290 4073 ocul

103 4098 254 4178 Αγυωυος
274 4093 325 4155 καί
349 4094 532 4181 Φορμίωνος
552 4099 634 4177 νῆες,
670 4092 764 4159 εἴκοσι
790 4093 824 4158 δὲ
852 4092 885 4157 ui
903 4092 982 4176 μετὰ
1005 4094 1214 4177 Τληπολέμου
1236 4094 1291 4161 καὶ

107 4176 310 4255 Ἀντικλίους,
343 4176 377 4242 ἐκ
403 4177 439 4243 δέ
463 4180 547 4245 Χίου
573 4181 625 4243 καί
645 4177 778 4260 Λέσβου
798 4175 973 4264 τριάκοντα.
1014 4179 1078 4245 lam
1098 4180 1228 4268 primam
1248 4198 1290 4245 ex

109 4264 255 4329 hocloco
284 4261 358 4327 sam
390 4286 536 4352 superque
562 4272 685 4355 apparot
710 4263 901 4351 Thucydidis
927 4263 1060 4354 collegas
1085 4263 1127 4351 in¹
1144 4272 1290 4355 praetorne
