2760 4792
353 215 413 283 nb
434 215 578 296 numm.
600 219 787 291 COMOED.
813 225 920 296 ΑΤΤ.
941 230 1086 308 Annio.
1255 239 1299 305 69

210 377 332 470 Ἐφάρει
352 381 409 459 τάς
429 386 506 472 δρῦς
525 389 576 452 καί
597 386 846 497 τάςΙπλυτάνους
866 396 917 459 καὶ
938 396 1010 475 τοδς
1031 400 1166 486 έχθροδς
1182 409 1299 490 προθε-

205 539 319 615 Ἀισαι
342 550 374 615 δ’
397 551 453 618 οὐκ
474 555 507 619 έν
526 478 790 647 συμποάίρδνιδδδν
809 563 945 647 Δωροῖ
962 568 1192 634 συκοπέδιλε

210 638 276 700 Καὶ
294 637 481 715 Τέκτονες
501 639 736 724 εὐπαλάμων
755 643 898 726 άμνων·
923 647 1296 736 οδτωςῆνδησενέκεῖνος.

123 719 174 785 ubi
182 719 364 786 Scholiasta:
384 723 838 811 Τέκτονεςεδπαλάμωνδμνων·
849 731 1100 811 τέκτονεςπάντες
1109 740 1136 802 ol
1146 751 1295 818 τεχνῖται·

122 805 175 887 καί
196 810 289 869 τοῖτο
310 807 346 870 δέ
365 808 399 872 έκ
419 814 481 872 τῶν
501 809 677 891 Εὐμενίδων
690 818 858 896 Κρατίνου.
900 817 1098 901 Εὖπαλάμων
1119 825 1154 888 δὲ
1171 816 1205 887 εὖ
1225 827 1295 890 διο·

121 889 350 989 κεχειρωμένων
380 890 400 974 ἢ
426 895 679 1045 συντεταρμένων.
731 899 878 978 Τέκτονες
909 911 980 970 sunt
1003 923 1143 993 poetae,
1179 910 1221 973 uti
1244 918 1295 977 cst

122 975 200 1063 apud
221 974 385 1041 Pindarum
405 977 498 1066 Pyth.
519 979 574 1046 ll.
598 982 676 1049 1981

206 1059 350 1138 Νέστορα
378 1064 429 1124 καί
450 1058 575 1128 Λάκιον
595 1063 776 1153 Σαρπηδόν’
800 1064 977 1155 ἀνθρώπων
997 1067 1090 1157 φάτις

203 1141 254 1220 Ἐξ
275 1145 370 1209 ίπέων
391 1150 594 1232 κελαδεννῶν,
615 1153 750 1230 τέκτονες
770 1147 822 1218 οἷο
842 1157 936 1242 σοφοί

197 1225 368 1315 Ἅρμοσαν,
389 1231 601 1316 γιγνώσκομεν.

118 1310 203 1391 Quos
230 1335 300 1380 vcro
326 1324 428 1405 poetas
455 1317 534 1383 dicat
560 1317 702 1385 Cratinus
723 1321 848 1408 ignoro,
869 1324 929 1389 nisi
950 1324 1028 1391 sorte
1050 1332 1185 1391 auctores
1206 1326 1292 1412 hym·

117 1401 428 1550 gpdrnrpoquprundalm
457 1403 725 1491 antiquissimorum
746 1409 779 1473 in
799 1407 981 1474 Eumenidas
1001 1409 1191 1498 intelligendi
1212 1419 1291 1478 sunt.

241 1506 262 1548 n
302 1505 338 1550 oc
358 1507 392 1551 so
405 1508 468 1551 um:

204 1570 350 1646 Τέκτονες
368 1566 554 1652 εὐπαλάμων
572 1568 677 1654 ὕμνων

116 1669 158 1714 ex
177 1650 390 1719 Eumenidihus
411 1657 532 1743 petitum
553 1666 639 1743 puto,
660 1659 714 1723 secl
736 1660 839 1726 cotem
859 1662 961 1725 refero
982 1662 1071 1726 etiam
1091 1662 1181 1744 illud,
1211 1664 1289 1750 quot

114 1733 225 1803 ibidem
246 1739 323 1826 apud
344 1739 576 1885 Aristophanem
595 1741 722 1827 legitur:

201 1819 316 1905 Δωροῖ
331 1822 449 1886 σοκοπέ
467 1826 521 1899 ιλε,

112 1904 285 1973 dubitanter
305 1912 419 1970 amen:
448 1926 619 1993 quamquam
640 1927 681 1972 ex
702 1905 804 1970 eadem
824 1907 928 1972 fabula
947 1907 1022 1973 hacc
1031 1912 1132 1998 petita
1153 1933 1222 1978 esse
1241 1913 1288 1977 in-

111 1988 218 2054 dicare
244 1989 362 2055 vibchrr
381 1997 451 2055 nota
476 1989 662 2056 scholiastae
689 1990 727 2057 ad
773 1991 835 2057 rius
855 1991 1071 2080 fragmentum:
1105 1997 1167 2059 καί
1195 2002 1288 2062 τοῦτο

111 2074 148 2138 δέ
170 2074 205 2137 ἐκ
232 2079 295 2138 τῶν
314 2073 490 2155 Εὐμενίδων
510 2076 679 2160 Κρατίνου.
763 2076 810 2140 uic
841 2083 938 2142 autem
963 2078 1109 2144 versiculo
1137 2080 1212 2144 haec
1236 2081 1288 2148 ad·

112 2159 225 2267 scripta
245 2165 328 2224 sunt:
356 2161 516 2241 Κρατίνου
535 2159 649 2241 μέλους
669 2155 767 2247 ἀρχή·
789 2156 939 2226 σκώπτων
958 2161 996 2228 δέ
1012 2187 1081 2228 τινα
1103 2153 1288 2240 δνεῖνοξδω-

113 2245 245 2328 ροδοκον
275 2245 326 2308 καί
354 2242 551 2331 συκοφάντην
576 2251 668 2311 τοῦτο
696 2241 768 2310 εἶπε.
815 2244 911 2311 Recte
932 2246 1006 2312 haec
1026 2248 1157 2334 quidem:
1190 2250 1288 2316 forma

111 2334 209 2413 autem
235 2330 364 2395 nominis
390 2330 539 2419 singulari
565 2330 651 2396 morlo
672 2351 691 2395 a
711 2336 799 2420 poeta
828 2330 897 2395 ficta
928 2331 1060 2398 indicare
1087 2333 1175 2399 simul
1203 2335 1286 2400 ride·

111 2418 177 2494 tur,
207 2415 356 2480 huminem
382 2415 472 2481 istum
498 2424 636 2500 unquam
662 2413 862 2481 effeminatum
892 2414 994 2482 rideri.
1036 2415 1105 2483 Huc
1125 2419 1286 2486 referenda

110 2504 161 2562 est
178 2497 328 2587 Hesycbii
349 2508 433 2564 notas
482 2500 596 2585 Δωροῖ
611 2500 808 2564 συκοπέδιλε·
840 2503 1027 2586 παρωδεῖται
1048 2506 1141 2567 τοῦτο
1168 2504 1202 2567 lx
1222 2508 1285 2568 τῶν

109 2579 248 2666 άρχαίων
268 2581 457 2667 ποιημάτων.
484 2583 516 2650 b.
537 2605 564 2648 ο.
585 2584 755 2672 exagitatur
776 2581 827 2668 (ab
849 2583 1065 2674 Aristophane)
1087 2586 1143 2651 hoc
1162 2587 1285 2674 periton

109 2687 152 2731 ex
172 2669 299 2755 antiquis
320 2669 509 2733 carminibus.
552 2666 615 2734 Sed
635 2676 746 2734 temme
766 2669 841 2734 haec
866 2669 999 2755 quidem,
1030 2689 1201 2756 quamquam
1222 2692 1284 2736 nou

108 2751 207 2819 ninus
222 2753 307 2819 ,falsa
327 2754 418 2819 osuit
429 2752 598 2818 Scholiasta
607 2752 834 2843 Aristophanis:
876 2750 981 2817 Πάλιν
1002 2749 1045 2830 ὡς
1063 2754 1204 2835 μέθυσον
1225 2754 1284 2820 αὖ·

106 2834 165 2901 τδν
183 2835 343 2918 διαβάλλει
363 2837 417 2902 τδν
437 2840 609 2922 Κρατῖνον·
648 2835 706 2902 οδκ
726 2831 765 2921 ἢν
784 2834 989 2923 γάρὲτέραν,
1027 2840 1139 2924 φησίν,
1165 2840 1198 2904 ἓν
1217 2849 1283 2919 τοῖς

93 2925 292 3001 ’συμποσίοις
311 2921 395 3005 ὠδὴν
415 2919 612 3005 ποιήσασθαί
628 2947 713 2999 τινα,
750 2919 1102 3005 προκαταλαμβάνοντας
1123 2922 1205 2990 αὐτὰ
1224 2930 1283 2990 τοῦ
1327 2997 1331 3005 ,

105 3007 277 3090 Κρατίνου.
318 2986 454 3073 Tantum
475 3029 548 3072 vero
569 3007 670 3089 abest,
697 3013 730 3070 ut
749 3005 968 3095 Aristophanes
988 3008 1208 3096 reprehendere
1229 3030 1282 3075 vo·

104 3090 196 3158 luerit
216 3090 392 3175 Cratinum,
426 3097 460 3157 ut
485 3091 604 3157 eximiis
631 3092 822 3157 exornaverit
842 3091 993 3157 laudibus:
1028 3098 1180 3181 tantopere
1202 3094 1281 3159 enim

104 3175 178 3241 dicit
202 3178 341 3267 populum
368 3176 542 3242 delectatum
570 3197 638 3241 csse
669 3176 718 3241 his
744 3183 849 3264 poetae
876 3176 1072 3258 carminibus,
1113 3184 1146 3240 ut
1171 3176 1222 3241 diu
1248 3178 1280 3242 in

103 3261 235 3326 omnium
256 3283 308 3327 ore
329 3262 455 3328 fuerint:
482 3283 520 3326 ea
539 3281 613 3326 vcro
633 3281 748 3325 summa
768 3270 815 3325 est
829 3268 934 3348 poetae
954 3261 1036 3342 laus,
1056 3260 1085 3324 si
1105 3280 1180 3346 qnae
1200 3282 1279 3327 com·

101 3348 203 3434 posuit
223 3348 265 3412 ita
285 3346 447 3435 probantur
472 3345 595 3434 populo,
632 3352 665 3409 ut
691 3343 790 3409 statim
816 3366 871 3432 per
898 3345 1025 3409 omnium
1053 3365 1107 3408 ora
1132 3352 1280 3434 vagentur

103 3437 136 3495 et
177 3453 242 3496 cum
276 3431 377 3521 populi
410 3431 539 3496 animum
571 3430 720 3510 reserant,
761 3448 799 3517 po
822 3427 916 3492 ularia
949 3427 1106 3492 videantur
1138 3432 1279 3497 carmina.

102 3513 166 3581 Seu
187 3517 258 3581 illuc
282 3520 430 3580 revertar:
474 3535 546 3580 usus
567 3520 614 3579 est
634 3512 779 3578 similibus
800 3449 905 3576 burmis
927 3509 1070 3577 Cratinus
1089 3513 1176 3578 etiam
1197 3515 1278 3598 alibi,

101 3607 179 3666 teste
199 3600 372 3686 Hesychio:
401 3595 540 3680 Ἔμβλά·
562 3597 736 3663 πέπλασται
757 3595 844 3679 παρὰ
865 3595 899 3661 τὸ
921 3597 1089 3677 ίμβλέπειν.
1111 3593 1154 3673 ὥς
1173 3594 1279 3681 ἥΛω-

102 3683 148 3770 ρο)
169 3687 222 3750 καί
249 3681 349 3760 Asbol-
391 3705 460 3748 nam
491 3691 525 3748 ut
550 3683 654 3769 Δωρο)
681 3690 729 3748 est
749 3679 881 3763 Cratini,
913 3689 944 3746 et
968 3681 1058 3757 Δεξιδ
1086 3681 1277 3770 (Hesychius

100 3790 208 3860 snpra:
250 3769 340 3846 Λεξιδ
362 3765 378 3833 ὃ
401 3771 557 3852 Κρατῖνος
577 3765 860 3847 ὥνοματοποέησεν·
887 3763 949 3829 άπδ
970 3772 1027 3830 τοῦ
1048 3764 1194 3848 δέχεσθαι
1215 3770 1278 3832 δῶ-

100 3862 157 3940 ρα)
180 3856 225 3919 sic
244 3854 363 3919 videtur
384 3853 471 3918 etiam
489 3851 614 3933 Ἔμβλδ
636 3850 838 3936 (scribendum
859 3855 905 3914 est
927 3848 1138 3934 Ἐμβλεπὼ)
1161 3873 1180 3915 a
1201 3850 1277 3919 Cra-

100 3941 163 4004 tino
186 3938 350 4028 profcctum
372 3959 450 4002 esse.
491 3938 603 4003 Nescio
625 3944 722 4001 autem
744 3956 829 4020 quem
851 3935 946 3999 virum
966 3935 1137 4083 popularem
1158 3939 1277 4002 vexant
1365 4018 1370 4025 ¹

99 4025 156 4090 boc
178 4023 308 4088 carmine
330 4021 484 4103 Cratinus,
505 4023 634 4087 sortasse
654 4041 744 4084 unum
765 4040 805 4083 ex
826 4020 979 4085 amiciret
1013 4019 1194 4085 amiliaribns
1215 4020 1275 4087 Ρο-

98 4109 199 4190 riclis,
220 4129 341 4193 quorum
363 4127 455 4208 opera
474 4107 526 4171 ille
548 4106 586 4171 ad
607 4104 733 4169 consilia
753 4103 927 4189 exequenda
948 4103 988 4166 uti
1011 4104 1133 4168 solebat
1175 4103 1276 4170 Mani.

100 4194 178 4258 festo
201 4192 326 4276 denique
347 4193 435 4257 hunus
456 4191 576 4256 fabulae
597 4189 739 4255 memoria
760 4195 859 4253 exstat
879 4187 955 4276 apud
976 4186 1197 4268 Herodianum,
1225 4191 1274 4255 vel

99 4280 198 4368 potins
214 4276 356 4342 loannem
375 4275 614 4342 Alexandrinum
641 4273 679 4340 δο
701 4280 812 4340 nocent
833 4294 862 4363 p.
883 4272 935 4337 29.
957 4271 1004 4337 ccl.
1025 4272 1166 4337 Dindorl.
1187 4270 1274 4336 ’Ἐστι
