2760 4792
277 273 278 276 ,
324 211 383 280 ΒΕ
404 211 548 290 nnnln
564 209 753 281 COMOED.
773 209 881 282 A'l'l'.
901 211 1048 289 Annun-
1228 213 1271 282 11

186 385 226 450 El
246 382 280 451 δέ
299 385 391 449 τοῦτο
411 386 678 488 καταφοβεῖσθον,
698 378 744 467 μή
764 406 810 460 τις
829 380 954 466 ἀμαθία
975 387 1077 471 προσῇ

189 475 264 545 Τοῖς
283 468 496 550 θεωμένοισιν,
520 492 561 542 ως
581 465 620 533 τὰ

186 553 300 620 Aemo
319 552 363 636 μὴ
384 551 679 639 χνῶναιλεχδντοιν,

187 639 300 722 Μηδὲν
321 638 480 724 ὀρρωδεῖτε
500 640 603 704 τοῦθ’·
624 635 667 714 ὡς
693 634 749 702 οὖν
769 633 818 703 ἴθ’
840 633 921 703 cliro
940 639 1028 703 ταῦτ’
1050 633 1119 720 ἔχει.

183 722 440 809 Ἔστροιτευμίνοι
460 720 607 809 χοίρείσι,
681 774 682 777 ,

187 810 315 889 Βιβλίον
335 811 363 875 τ’
385 808 462 892 ἐχων
482 810 610 886 ἕκαστος
629 801 782 889 μανθάνει
802 805 842 874 τδι
862 802 957 885 δεξιοί,
1001 828 1017 857 t

186 895 235 960 At
256 891 364 982 φύσεις
383 897 412 961 τ’
433 891 535 970 ἄλλως
556 890 725 980 κράτισται,

185 985 257 1045 Νῦν
277 981 311 1046 δι’
333 982 385 1044 καὶ
405 974 642 1064 παρηκόνηνται·

186 1066 301 1146 Μηδὲν
321 1057 376 1130 οἶν
397 1066 549 1148 δείσητον,
576 1061 655 1129 alth

107 1172 110 1177 ·
185 1147 286 1215 Hclvr’
308 1149 459 1229 ἐπίξιτον,
480 1155 604 1215 θεατῶν
624 1151 652 1234 χ’
675 1143 772 1230 οὕνεχ’
794 1142 837 1224 ῶς
858 1144 954 1212 ὄντων
974 1151 1091 1234 σοφῶν.

102 1232 166 1300 8οι1
187 1241 219 1299 ut
239 1236 277 1300 ad
299 1234 452 1301 Cratinum
474 1237 636 1301 orationem
657 1234 811 1314 reducam,
850 1239 983 1298 extremo
1003 1255 1093 1298 versu
1113 1234 1170 1300 hcc
1190 1233 1273 1301 vide·

102 1327 152 1384 tur
172 1321 355 1407 significari,
376 1322 518 1390 delectari
537 1319 740 1387 Athenienses
760 1318 838 1384 ludis
860 1319 996 1400 scenicis,
1018 1318 1159 1385 delectari
1179 1320 1273 1385 maxi·

103 1426 151 1469 me
173 1405 332 1493 applausu:
354 1428 373 1471 a
392 1407 527 1494 plausum
548 1406 627 1470 enim
648 1405 680 1468 in
701 1405 816 1469 theatro
838 1403 947 1471 editum
966 1410 1054 1469 vocat
1080 1405 1185 1491 ἷκρίων
1209 1401 1273 1486 ωδ-

103 1513 208 1574 φηοιν.
243 1488 341 1574 Ἴκρια
368 1429 425 1555 ion
445 1492 509 1556 loeo
531 1513 591 1555 non
612 1495 681 1555 sunt
706 1490 837 1555 tabulata
861 1489 929 1569 illa,
968 1509 1042 1576 quae
1062 1488 1132 1553 olim
1153 1491 1187 1554 in
1206 1491 1273 1555 foro

103 1575 291 1640 tumultuaria
323 1596 414 1665 opera
445 1576 688 1657 exstruebantur,
732 1574 848 1660 quando
882 1574 944 1641 ludi
974 1574 1146 1641 celebrandi
1176 1583 1273 1657 erant,

103 1659 181 1744 qnod
202 1659 286 1724 docet
305 1667 424 1749 praeter
445 1661 519 1726 alios
540 1661 667 1725 Photius
688 1681 717 1749 p.
740 1661 813 1740 too,
834 1661 870 1722 3:
899 1656 1007 1743 Ἴκρια·
1028 1657 1067 1722 τὰ
1088 1661 1121 1725 ἐν
1140 1664 1179 1745 τῇ
1201 1659 1274 1744 ἀχο-

104 1748 160 1832 ρᾷ,
189 1740 243 1830 ἀφ’
266 1735 310 1809 ῶν
330 1746 463 1808 ἐθεῶντο
491 1744 563 1819 τοὺς
584 1743 810 1817 Διονυσιακοδς
831 1742 951 1825 ἀγῶνας
972 1744 1043 1828 πρὶν
1063 1739 1083 1824 ἢ
1106 1769 1275 1810 κατασκευ-

103 1832 240 1909 ασθῆναι
263 1826 299 1892 τδ
328 1829 360 1891 ἐν
385 1824 528 1890 Διονδσω
557 1826 710 1908 θέατρονε
751 1826 801 1889 hic
833 1827 911 1889 enim
939 1848 1002 1891 mus
1039 1823 1157 1895 Cratini
1178 1835 1274 1894 aetate

101 1914 164 1978 iam
186 1913 388 1996 obsoleverat,
423 1911 491 1976 vile
510 1889 718 1979 llermannnm
738 1909 771 1974 in
793 1908 902 2000 (lpusc.
923 1909 965 1973 T.
986 1909 1026 1974 n.
1047 1930 1076 1997 p.
1100 1913 1170 1979 1⁵1.
1213 1912 1276 1980 Sed

101 1997 190 2080 ἴκρια
217 1995 340 2061 Cratino
368 2002 437 2060 sunt
460 1996 547 2061 sedes
578 1996 671 2084 ipsius
699 1994 821 2076 theatri,
865 1994 984 2082 antiqua
1016 1995 1211 2081 apellatione
1242 1997 1276 2062 in

103 2103 258 2148 commune
279 2103 430 2162 sermone,
463 2090 497 2145 ut
517 2088 746 2146 consentaneum
767 2086 830 2161 est,
863 2087 991 2144 servata.
1041 2015 1184 2147 §imiliter
1204 2079 1276 2148 Ari·

104 2167 267 2256 stophanes
288 2167 320 2230 in
348 2166 665 2274 Thesmophoriazusis
685 2186 714 2228 v.
735 2166 814 2230 395:

183 2248 273 2314 Ὥστ’
294 2249 390 2326 εὐθὺς
410 2254 551 2327 είσιονιες
577 2249 638 2315 ἀπὸ
660 2254 722 2316 τῶν
743 2251 806 2335 ίκρί

184 2331 411 2416 Ὗποβλένιουσ’
433 2331 524 2418 ἡμᾶς.

106 2421 158 2484 nbi
177 2420 324 2509 interpres
344 2421 523 2500 Ravennas3
561 2415 618 2495 Ὡς
643 2416 687 2484 ἐτι
709 2418 812 2505 ἰκρίων
833 2415 928 2484 δντων
954 2418 987 2485 ἐν
1012 2427 1057 2509 τῷ
1079 2424 1204 2509 θεοιτρῷ
1225 2423 1277 2486 καὶ

108 2506 141 2569 ἐν
182 2514 251 2580 τοιΐς
294 2506 466 2587 ἐκκλησίαις
511 2507 559 2569 ἐπὶ
595 2502 694 2580 ’ξύλων
732 2504 932 2585 καθημένων·
981 2511 1053 2591 πρὶν
1085 2505 1143 2588 γὰρ
1188 2506 1294 2590 γίνη-4

107 2613 159 2654 ται
192 2589 371 2673 (γενέσθαι)
403 2589 439 2654 τδ
474 2589 625 2674 θέατρον,
671 2585 750 2666 ξύλα
779 2588 940 2670 ἐδέσμευον
972 2595 1022 2656 καὶ
1056 2587 1153 2665 οὕτως
1180 2588 1277 2655 ἐθεῶ-

109 2697 192 2759 ρουν.
240 2674 282 2739 Et
308 2674 443 2740 similiter
469 2676 560 2740 utitur
586 2675 643 2739 hoc
669 2674 788 2738 nomine
816 2673 916 2740 Schol.
944 2677 981 2741 ad
1008 2676 1100 2764 Vesp.
1131 2696 1160 2740 v.
1184 2676 1276 2742 1189.

108 2782 250 2868 perverse
270 2759 321 2867 illp
343 2760 459 2868 ‹puidenp
480 2761 559 2825 hunc
579 2760 673 2824 locum
694 2760 914 2867 inteppretatuS,
932 2759 1052 2846 Ἰκρίοις
1072 2761 1106 2827 δέ
1119 2764 1276 2847 θεωροῦν-

109 2868 158 2920 '⁶⁶
178 2869 256 2993 ‘tlt
271 2845 1059 3011 ‘lttttlltt'tttllff'tlthlt‘tllltsa
1078 2929 1170 2994 ...ιο
1190 2929 1278 2994 σε...

109 3013 142 3078 in
170 3015 316 3078 sermonis
346 3015 577 3079 conformatione
605 3014 644 3078 ad
672 3013 847 3078 Archilochi
877 3016 1042 3102 exemplum
1068 3015 1278 3101 composuisse,

111 3120 171 3163 non
197 3099 383 3186 improbabili
417 3100 586 3164 coniectura
612 3099 741 3163 referam
769 3098 806 3167 ad
835 3096 953 3164 Cratini
973 3099 1168 3164 Archilochus
1190 3100 1279 3163 etiam

111 3191 172 3249 tres
193 3184 262 3249 illos
282 3205 408 3267 versus,
441 3186 490 3268 qui
517 3205 612 3269 neque
638 3190 743 3271 poetae
768 3205 864 3283 neque
885 3184 1004 3249 fabulae
1025 3185 1143 3248 nornine
1165 3183 1279 3248 adiecto

112 3276 231 3334 servata
263 3278 332 3333 sunt
359 3292 377 3333 a
403 3269 564 3332 Plutarcho
601 3267 757 3355 Praecept.
785 3269 910 3357 rerpnbl.
939 3291 1003 3356 ger.
1031 3291 1055 3334 c.
1078 3270 1134 3334 15:
1181 3267 1280 3333 Οὐδὲν

112 3345 167 3418 circ
186 3349 298 3419 τούτου
320 3353 520 3440 διαφέρουσιν
541 3353 571 3418 οἳ
590 3352 667 3439 πρὸς
689 3358 791 3416 πᾶσαν
811 3349 1014 3433 ἀποδυόμενοι
1036 3353 1193 3435 πολιτικὴν
1201 3358 1281 3439 πρῶ-

112 3441 173 3517 ξεν,
218 3437 296 3502 ἀλλὰ
323 3445 446 3504 ποιοῦσι
471 3437 630 3520 μεμπτοδς
656 3434 786 3514 ἕαυτοδς
811 3448 876 3514 τοῖς
901 3443 1039 3516 πολλοῖς,
1082 3440 1227 3520 ἐπαχθεῖς
1248 3462 1281 3502 τε

111 3526 335 3608 γίγνονταικαὶ
362 3529 587 3610 κατορθοῦντες
613 3524 795 3607 ἐπίφθονοι,
823 3520 881 3587 κᾶν
901 3528 1077 3608 σφαλῶσιν,
1112 3525 1281 3609 ἐπίχαρτοι,

113 3612 163 3673 καὶ
190 3608 226 3673 τδ
253 3606 488 3689 θαυμαζόμενον
516 3608 618 3673 αὐτῶν
646 3609 678 3673 ἐν
704 3606 784 3694 ἀρχῇ
811 3613 867 3691 τῆς
887 3609 1056 3692 ἐπιμελείας
1082 3610 1124 3685 είς
1147 3614 1282 3691 χλευασ-

113 3693 173 3775 μδν
193 3690 358 3758 δπονοστεΐ
377 3696 428 3758 καὶ
455 3693 582 3779 γέλωτα·
624 3698 766 3758 τοιοῦτον

197 3780 361 3861 Μητίοχος
380 3779 436 3859 μὲν
456 3778 514 3865 γὰρ
535 3787 710 3863 στρατηγεῖ,
739 3777 901 3860 Μητίοχος
922 3777 956 3842 δὲ
976 3775 1032 3853 τδις
1053 3773 1155 3862 ὁδούς,

198 3865 361 3947 Μητίοχος
382 3866 410 3931 δ’
432 3860 545 3948 ῶρτους
566 3865 702 3953 ἐποστᾷ,
728 3865 892 3947 Μητίοχος
912 3863 946 3927 δέ
965 3861 1109 3948 τᾶλφιτα,

198 3951 362 4031 Μητίοχος
383 3949 417 4013 δέ
437 3945 536 4014 πάντα
557 3959 651 4026 ποιεῖ,
674 3951 838 4032 Μητίοχος
858 3951 887 4015 δ’
910 3945 1081 4030 οἰμώξεται.

114 4037 177 4098 τῶν
194 4035 383 4120 Περικλέους
403 4025 492 4110 οὗτος
513 4027 604 4117 εἷςῆν
624 4032 762 4120 ἑταίρων,
783 4040 822 4121 τῇ
836 4031 889 4122 ,δι’
911 4035 1040 4117 ἐκεῖνον,
1062 4031 1103 4109 ῶς
1120 4029 1206 4111 δὀικε,
1228 4034 1283 4097 δυ·

110 4115 202 4200 ·νοἰμει
221 4116 378 4202 χρῶμενος
399 4118 576 4204 ἐπιφθόνως
596 4122 648 4185 καί
669 4116 857 4206 κατακόρως.
899 4117 1064 4184 Manifesta
1084 4126 1179 4184 autem
1199 4139 1284 4206 pror-

116 4225 166 4270 sus
193 4204 364 4269 imitationis
390 4203 647 4272 Archilochiorum
756 4205 835 4271 'um
864 4205 994 4292 vestigia
1019 4205 1052 4269 in
1078 4203 1126 4268 his
1147 4204 1284 4269 versibus

116 4288 390 4378 deprehenduntur3
412 4311 563 4380 conpares
585 4312 660 4378 quac
681 4312 743 4367 en¹
789 4289 921 4361 chilocho
942 4289 1079 4361 εοονινίι,
1093 4287 1284 4357 Ηοιοῶοωιι
