2760 4792
69 226 71 232 ’
200 283 202 285 >
280 230 340 298 DE
361 230 504 308 REHQ.
525 228 712 300 conoul).
735 230 841 300 ΑΤΤ.
862 232 1007 309 ANTIO.
1114 254 1127 287 ¹
1189 238 1228 303 «5

56 423 122 469 mas
148 397 261 489 figaras
292 399 409 467 dicendi
436 408 486 465 aut
510 400 626 466 invenit
646 405 697 467 ant
715 399 775 466 iam
795 400 920 466 usitatas
940 401 1037 503 magis
1058 402 1227 489 frequenta·

56 488 115 553 vit:
159 486 234 573 quod
254 485 282 549 si
303 506 374 550 vere
395 485 522 569 conieci,
548 506 609 550 uou
628 491 740 550 temere
759 484 978 575 Aristophanes
998 509 1032 552 m
1051 485 1226 552 Acharneu-

56 573 141 638 sihus
167 592 204 635 ea
224 571 323 658 figura
341 591 413 634 usus
442 579 503 653 est,
534 571 568 634 in
595 590 651 656 qua
675 569 778 635 fabula
804 571 861 636 hoc
888 591 1001 658 quoque
1028 572 1140 637 studuit
1158 594 1227 661 pro·

55 657 149 738 hare,
189 654 405 741 quantalabes
431 654 626 742 eloquentiam
652 676 706 743 per
738 655 934 744 sophistarum
961 656 1124 721 doctrinam
1149 658 1197 722 inf
1213 698 1226 711 -

56 742 148 822 uerit,
179 740 351 804 documento
373 761 443 804 usus
469 739 639 821 Lamacho,
671 760 758 825 quem
780 739 912 828 Gorgiae
933 741 1106 830 discipulum
1131 742 1227 806 fuisse

56 826 117 892 aiio
138 825 203 889 loco
225 825 480 889 demonstrabitur.
522 823 637 889 Eodem
663 844 735 888 vero
763 824 849 901 modo
869 824 973 907 Plato,
1009 827 1058 910 qui
1080 826 1117 891 ad
1138 827 1227 891 comi·

56 931 158 977 corum
179 916 330 998 poetarum
341 930 507 974 sermonem
528 931 580 973 sae
600 931 617 972 e
638 908 761 989 accedit,
781 909 954 994 frequenter
974 911 1137 976 orationem
1158 931 1228 976 con·

55 995 206 1076 formavit,
227 994 311 1058 utin
332 992 471 1083 Sympos
512 930 668 1061 .21Ιδ.Α;
700 994 766 1056 Καὶ
788 989 869 1078 ὁρῶν
890 985 929 1057 αὖ
954 997 1120 1103 Φαίδρους,
1135 991 1227 1078 Ἀγά-

55 1085 178 1156 eorm,
210 1075 444 1164 Ἐρυξιμάχους,
506 1079 676 1158 αυσανίας,Ι
697 1074 939 1162 Ἅριστοδημους
970 1081 1021 1142 καὶ
1042 1077 1228 1166 Αριστοφά-

55 1190 122 1242 νας.
144 1165 177 1230 ἱιι
196 1161 368 1228 Menexeuo
388 1185 416 1252 p.
438 1160 511 1230 245.
532 1163 580 1228 D:
618 1155 733 1248 Odpdp
754 1163 897 1239 Πίλοπες
914 1160 988 1228 οὐδὲ
1007 1161 1134 1243 Κάδμοι
1157 1163 1228 1230 οὐδὲ

56 1250 216 1335 Αίγυπτοί
239 1272 271 1312 τε
298 1251 348 1311 καί
380 1249 503 1313 Δαναοὶ
525 1245 596 1312 οὐδὲ
622 1246 710 1312 ἄλλοι
736 1251 844 1313 πολλοί
872 1244 962 1334 φάσει
988 1249 1046 1329 μίν
1070 1247 1227 1334 βάρβαροι

57 1332 157 1414 όντες,
190 1328 274 1420 νόμῳ
296 1335 324 1396 δ’
339 1330 495 1417 Ἓλληνες,
525 1338 718 1398 συνοικοῦσιν
737 1329 819 1416 ἦμῖν.
862 1334 895 1397 in
916 1333 1082 1398 Theaeteto
1103 1356 1131 1423 p.
1155 1336 1227 1400 169.

56 1418 102 1484 B:
131 1420 265 1528 ἱΜυρίοι
281 1417 343 1525 ηδρ
364 1415 424 1502 ἤδη
444 1415 679 1526 μοι’(ξίρρκδίες
698 1420 804 1484 τεκαὶ
822 1415 1131 1519 Θησίεςιίητυχόντις
1152 1443 1228 1505 κρα-

55 1527 238 1653 ῗόίόόῖῗ
257 1501 875 1672 tt‘tttottutititttttt
890 1502 1228 1669 totitem

57 1670 194 1755 rodomo
212 1672 456 1757 διισχυρίζονται.
520 1671 688 1762 Scriptores
721 1676 844 1738 serioris
873 1674 977 1737 aetatis
1004 1696 1056 1738 sae
1077 1695 1228 1755 enumero,

57 1765 92 1823 ut
110 1756 263 1822 Aristides
290 1757 457 1820 Panstheu.
500 1755 542 1819 T.
569 1756 594 1818 Ι.
621 1778 650 1843 p.
677 1758 750 1821 306.
783 1759 829 1822 ed·
850 1757 990 1821 Dindorf.
1025 1696 1112 1822 “iior'
1135 1758 1167 1820 εί
1182 1783 1229 1835 τις

56 1841 192 1927 περιίδοι
213 1839 286 1914 ’τοὺς
307 1840 528 1924 Ἐριχθονίους,
550 1837 622 1913 τοὺς
643 1838 823 1924 Κέκροπας,
844 1839 883 1901 τὰ
904 1836 1048 1922 μυθώδη.
1076 1842 1231 1907 Plutarch:

57 1929 95 1994 de
116 1926 212 2013 Pyth.
233 1945 311 1988 orac.
339 1946 363 1988 o.
384 1924 441 1988 25:
486 1919 701 2006 Ὀνομάκριτοι
728 1921 754 1987 δ
784 1925 888 1987 ἐκείνοι
915 1926 967 1986 καί
987 1921 1150 2005 Ἡρόδοτοι
1177 1929 1229 1990 καί

55 2012 242 2084 Κινεσίωνις
268 2005 343 2089 ὅσην
369 2009 470 2071 αἰτίαν
494 2006 657 2090 ἠνέγκαντο
684 2011 718 2078 ἐκ
744 2013 806 2072 τῶν
829 2014 979 2092 χρησμῶν
1003 2011 1044 2074 ἐῶ
1065 2009 1169 2092 λέγειν.
1192 2011 1229 2075 de

56 2096 159 2185 gioria
180 2093 356 2159 Atheniens,
378 2116 402 2157 c.
423 2094 460 2158 8:
478 2090 545 2176 Ἐφ’
570 2087 615 2168 οἷς
637 2091 673 2156 οὐ
696 2091 769 2169 τοὺς
788 2090 975 2176 Ἰσοκράτεις
996 2096 1047 2159 καί
1065 2093 1227 2180 Ἀντιφῶν-

56 2205 115 2257 τας
137 2180 188 2243 καὶ
206 2176 349 2254 Ἰσαίους,
382 2175 461 2240 ἀλλὰ
482 2173 611 2253 τούτους
631 2174 650 2260 ἢ
672 2174 760 2254 πόλις
781 2179 943 2260 δημοσίαις
964 2175 1078 2266 τάφαις
1098 2179 1229 2261 ἔδαψεν.

56 2266 111 2330 vit
137 2263 265 2329 Periclis
287 2285 312 2327 c.
340 2261 397 2330 163
442 2261 681 2343 Τεσσαράκοντα
701 2263 758 2344 μίν
778 2260 830 2346 ίτη
858 2261 1021 2348 πρωτείων
1048 2267 1081 2330 ίν
1102 2261 1231 2350 Ἐφιάλ-

56 2375 128 2427 ταις
152 2349 204 2413 καί
225 2345 428 2431 Λεωκράταις
454 2350 505 2410 καί
527 2349 730 2432 Μυρωνίδαις
758 2349 809 2423 καὶ
830 2351 955 2430 Κίμωσι
986 2352 1036 2413 καί
1059 2352 1230 2431 Τολμίδαις

56 2437 111 2500 καί
136 2433 352 2507 Θουκυδίδαις.
366 2431 508 2502 [Eodem
528 2452 599 2496 vere
621 2431 705 2496 modo
727 2432 864 2497 cumalii
886 2434 988 2498 comici
1014 2441 1135 2524 poetae,
1169 2442 1230 2519 tum

56 2519 187 2587 maxime
209 2517 349 2584 Cratinus
370 2515 487 2580 fabulas
513 2517 605 2580 inseri
625 2522 743 2598 serunt,
780 2517 951 2602 documento
978 2526 1047 2583 sunt
1064 2518 1229 2595 Ὀδυσσιῖς,

56 2607 300 2684 menesatem,
327 2602 488 2684 Χείρωνες.
521 2539 694 2686 Ἀρχίίοχοι,
718 2601 812 2688 igitur
839 2604 990 2690 siguificat
1015 2604 1149 2668 homiues
1170 2603 1230 2668 Ar·

56 2687 186 2755 ehilochi
217 2686 344 2768 similes,
389 2687 508 2750 comites
537 2693 567 2750 et
595 2687 691 2752 socios
721 2687 805 2772 quasi
831 2686 916 2752 Parii
942 2694 1057 2776 poetae,
1100 2689 1157 2752 hoc
1184 2695 1232 2752 est

56 2795 213 2839 censores
247 2777 400 2836 acerbos.
455 2770 652 2835 Archilochus
685 2774 763 2835 enim
796 2793 850 2859 per
882 2794 998 2837 omnem
1031 2773 1231 2858 antiquitatem

57 2857 355 2924 maledicentissimus
387 2862 473 2945 poeta
507 2862 554 2919 est
583 2855 716 2936 habitus,
752 2856 821 2919 hinc
844 2856 991 2944 Gorgias,
1024 2879 1087 2921 oum
1114 2856 1230 2921 aPln·

56 2951 129 3008 tone
150 2948 232 3007 esset
247 2943 390 3020 pulcher
411 2946 440 3004 et
461 2962 586 3002 aureus
608 2940 771 3028 appellatus
796 2943 963 3023 Gorgias,
1002 2941 1108 3005 dicitur
1128 2940 1232 3005 Philo-

58 3028 184 3118 sophum
204 3027 247 3091 ita
266 3025 429 3106 nutavisse,
448 3015 491 3086 Ἦ
503 3020 599 3087 καλόν
618 3049 651 3107 ys
673 3024 704 3087 ni
720 3023 850 3107 Ἀθῆναι
873 3028 924 3089 καί
946 3023 1014 3089 νίον
1034 3031 1145 3089 τοῦτον
1163 3024 1233 3108 'dp-

54 3107 388 3211 ffloxovdopvdpoqm.
411 3108 513 3207 videas
529 3107 793 3208 Athenaeum-XI.
814 3110 931 3208 P·.⁵.⁰⁰·
944 3117 974 3214 pt
996 3130 1059 3174 cum
1082 3110 1232 3216 diplogpm

57 3193 1232 3367 hettttttttthttththtittttssffl„titodttttztt

57 3367 98 3432 ha
138 3365 240 3430 naevis
261 3364 361 3429 irrisio
384 3385 448 3427 cum
471 3361 603 3449 Gorgiae
618 3363 746 3425 nomine.
778 3299 892 3426 liudem
914 3363 1042 3449 pertinet
1062 3362 1139 3446 quod
1159 3362 1232 3428 Plu-

57 3387 178 3517 tarchus
199 3450 232 3514 iu
253 3449 314 3513 vita
336 3447 459 3513 Catonis
481 3447 564 3510 dicit:
592 3443 649 3521 Ὡς
670 3445 729 3509 d'oi
751 3447 835 3531 φίλοι
856 3444 938 3510 τοῦτ’
962 3443 1133 3524 ἐκώλυσαν,
1156 3447 1231 3532 ὀργῇ

58 3537 111 3600 καί
137 3532 257 3617 νεότητι
277 3533 397 3620 τρίψας
418 3529 527 3595 ἑαυτὸν
548 3533 590 3605 τίς
612 3529 744 3612 ἰάμβους
771 3528 869 3594 πολλὰ
900 3528 954 3594 τόν
974 3532 1130 3596 Σκιπίωνα
1152 3537 1233 3596 καδ-

59 3616 167 3706 όβρισε
179 3666 188 3697 ,
227 3623 272 3706 τῷ
304 3623 402 3704 πικρῷ
429 3611 700 3702 προσχρησάμενος
731 3619 787 3679 τοῦ
817 3613 1012 3696 Ἀρχιλόχου,
1050 3615 1087 3680 τό
1121 3613 1233 3680 άκόλα-

59 3729 134 3771 στον
154 3702 243 3788 ἀφεὶς
264 3704 315 3765 καὶ
337 3703 551 3785 παιδαριῶδες.
593 3699 707 3764 Eodem
735 3699 820 3764 modo
843 3698 949 3766 Cicero
977 3701 1053 3766 dixit
1078 3702 1111 3765 in
1137 3701 1233 3790 Epist.

60 3791 99 3856 ad
123 3789 216 3855 Attio.
243 3787 368 3852 11.21:
410 3786 513 3871 Itaque
539 3784 732 3849 Archilochia
758 3785 792 3849 in
818 3783 900 3848 illum
932 3786 1028 3850 edicta
1053 3785 1155 3850 Bibuli
1202 3807 1233 3850 o-

60 3875 129 3964 pulo
150 3876 195 3939 ita
222 3879 291 3937 suut
311 3870 438 3936 iucundo
459 3907 500 3919 -
522 3871 580 3959 ipsi
599 3871 642 3934 ita
664 3870 787 3952 acerba,
811 3876 843 3933 ut
864 3870 995 3934 tabescat
1016 3871 1128 3936 dolore.
1171 3807 1233 3937 deu

60 3967 181 4049 praeter
213 3964 327 4023 ceteros
357 3951 464 4045 'gravis
499 3963 600 4022 auctor
630 3954 780 4031 Pindarus
812 3954 904 4041 Pyth.
932 3955 972 4021 ll.
999 3956 1057 4022 52:

413 4120 487 4204 Ἔμί
513 4120 548 4187 δι’
565 4119 665 4209 χρεών

149 4206 276 4294 ostreo
297 4205 392 4283 δάκος
412 4205 519 4272 ἀδινὸν
538 4209 736 4294 κακαγοριᾶν.

148 4291 242 4362 Εἶδον
261 4292 320 4383 γάρ
341 4291 413 4369 ἑκὰς
434 4292 493 4359 doio
512 4289 637 4358 ταπόλλ’
662 4294 695 4357 dv
715 4291 873 4380 ἀμαχανιήι
