2768 4770
275 139 278 146 ⁵
326 195 387 264 on
407 195 552 276 numo.
573 194 761 267 ceuceu.
780 196 888 269 aar.
907 197 1052 277 armo.
1253 195 1276 262 ο

93 358 99 368 ’
185 361 273 433 Ἀλλ’
295 365 329 443 ἐξ
349 340 423 431 ὅτου
443 348 501 454 ιτερ
522 361 539 431 δ
559 360 692 448 πόλεμος
711 368 929 454 στρατωνίδης,

186 449 237 517 Ed
251 447 292 516 δ’
314 451 348 528 ἐξ
368 447 442 516 ὅτου
462 475 518 537 περ
541 446 558 516 ὃ
578 449 711 531 πόλεμος
730 454 965 539 μισθαρχίδης·

87 535 209 606 ‘ridens
234 535 287 602 ille
326 535 424 602 uidem
445 542 476 601 et
494 537 716 625 reprehendens
738 538 826 603 simul
851 538 985 605 inflatum
1007 537 1140 626 Gorgiae
1162 535 1278 603 dicendi

102 643 215 713 genus.
257 557 373 686 Eodem
393 620 479 686 modo
500 621 533 686 in
553 622 593 686 iis
615 642 689 707 quae
710 631 887 708 sequuntur,
910 625 1012 691 v.6⁰3
1034 623 1126 689 dixit:

123 723 128 731 '
192 707 537 791 Τισαμενοφαινίππους
556 709 890 792 πανουρριπααρχίδας.

102 790 160 861 Sic
196 791 281 857 enim·
308 791 543 881 interpunctione
574 791 691 858 sublata
721 791 881 892 legendum
919 799 981 857 est:
1026 792 1172 882 posterius
1200 792 1278 858 enim

101 877 229 942 verbum
250 875 288 942 ad
309 877 393 966 prius
418 875 634 965 explanandum
653 882 700 941 est
722 877 880 942 adlectum:
903 884 933 942 et
948 877 993 943 sic
1007 880 1095 944 etiam
1109 899 1183 964 quae
1198 879 1280 944 inira

102 962 263 1047 leguntur,
283 961 317 1024 in
337 982 427 1026 unum
447 967 518 1026 sunt
538 961 825 1050 comprehendenda:

192 1042 491 1131 Γερητοθεοδώρους
510 1043 783 1128 Διομειαλαζόνας.

104 1129 254 1200 Similiter
271 1130 472 1195 Pherecrates
493 1131 570 1196 dixit
588 1132 750 1214 κλεπτίδης
770 1131 847 1221 apud
857 1130 1010 1197 Pollucem
1021 1130 1106 1201 VIII.
1117 1130 1169 1197 34.
1191 1138 1221 1196 et
1240 1154 1280 1198 ex

105 1215 327 1366 {3th⁰5?
341 1216 467 1365 dliii
483 1215 1281 1368 Piilabalibtilplhllffyhumuliliii‘

109 1405 163 1450 cus
188 1406 285 1450 sermo
313 1323 567 1475 fuitpulurpatus:
598 1386 650 1451 ubi
675 1387 831 1472 Κρονίδης
858 1351 972 1451 dicitur,
989 1324 1101 1470 senex?
1130 1389 1179 1498 poi
1206 1389 1281 1455 alias

107 1465 233 1552 Κρόνος
244 1475 375 1534 vocatur.
419 1470 613 1558 Phrynichus
634 1470 771 1536 Bekkeri
799 1471 840 1536 T.
852 1471 877 1535 Ι.
899 1494 928 1561 p.
938 1471 996 1537 43:
1029 1472 1181 1548 Ἰαπετος·
1213 1471 1281 1538 ἀντὶ

106 1559 165 1620 τοῦ
185 1554 297 1639 γίρων·
325 1557 375 1618 καὶ
399 1554 543 1633 Τιθωνὸς
563 1558 614 1619 καί
635 1550 758 1640 Κρόνος
779 1557 827 1622 lul
848 1562 910 1621 τῶν
929 1552 1086 1644 γερόντων.
1127 1559 1283 1648 Nicophon

107 1638 187 1730 apud
206 1639 360 1705 Pollucem
379 1639 437 1704 III.
458 1640 509 1708 18.

194 1727 275 1790 Νυνὶ
298 1724 331 1788 δὲ
351 1721 476 1808 Κρόνου
498 1726 549 1788 καλ
572 1725 720 1788 Τιθωνοῦ
742 1724 1005 1800 abnuendamue
1025 1723 1208 1805 νενόμισται.

108 1806 195 1874 Hinc
214 1808 333 1873 stultum
352 1810 501 1875 hominem
517 1811 559 1874 ita
572 1808 731 1897 appellavit
739 1807 956 1897 Aristophanes
973 1811 1006 1873 in
1020 1810 1156 1875 Nubibus
1171 1834 1200 1876 v.
1210 1813 1283 1879 929.

110 1891 216 1976 Atque
236 1913 276 1957 ex
295 1894 403 1958 comico
424 1901 512 1982 poeta
531 1892 623 1982 petita
644 1899 728 1975 sunt,
751 1913 825 1977 quae
847 1892 968 1956 exhibet
987 1894 1179 1980 Phrynichus
1201 1896 1283 1961 Bek-

110 1976 187 2083 kprl
227 1975 297 2058 Ab,
311 1978 348 2086 ⁵i
369 1975 577 2090 Kppvcdriurp·
594 1972 672 2082 t(rior
685 1975 823 2089 ἱπηιλαιηλς
843 1978 894 2040 καί
917 1975 1059 2085 εὐηθείας
1077 1976 1197 2086 μεστός,
1219 1976 1298 2045 οἷον·

110 2064 1285 2233 itt,tta-⁰t‘tb².“1}{zttltalittttbdt‘ittbttletti}

69 2270 74 2279 ·
109 2230 161 2295 cui
180 2251 243 2297 uon
263 2231 407 2299 dissimile
435 2239 481 2297 est
508 2233 584 2319 quod
605 2233 714 2298 ibidem
740 2232 853 2321 legitur
877 2254 906 2322 p.
926 2235 979 2316 63,
1002 2234 1057 2300 10:
1080 2237 1284 2322 σοροδαίμων.

106 2315 227 2382 Eodem
247 2316 333 2389 modo
355 2314 506 2398 Κρονινός
534 2318 649 2382 dicitur.
948 2370 951 2376 .

149 2479 152 2483 p
197 2399 250 2467 Ad
258 2402 479 2466 Archilochus
491 2403 684 2484 referendum·
702 2401 840 2471 existimo
861 2402 950 2466 etiam
972 2402 1052 2468 aliud
1063 2402 1180 2468 Cratini
1200 2406 1286 2506 frag-

110 2490 244 2552 mentum
271 2486 349 2574 apud
370 2486 624 2574 Hephaestionem·
642 2487 745 2551 eodem
765 2486 817 2550 illo
838 2485 918 2568 loco,
960 2508 1016 2572 quo
1038 2488 1074 2552 de
1095 2488 1287 2556 Archilochio

111 2573 319 2658 asynnarteto'
332 2570 467 2653 disserit,
494 2583 523 2660 p.
544 2570 597 2636 84.
620 2571 669 2635 obi
691 2571 776 2635 docet
795 2572 976 2635 recentiores
997 2579 1098 2659 poetas
1121 2574 1157 2636 ab
1178 2573 1288 2640 Archi-

111 2654 195 2721 lochi
226 2656 437 2720 consuetudine
466 2655 616 2744 paululum
642 2656 805 2720 recessisse
836 2664 867 2719 et
899 2656 1072 2721 incisionem
1106 2659 1286 2725 variavisse:

116 2738 159 2849 ΟΞ
187 2738 222 2804 δὲ
246 2739 313 2822 μετ’Δ
335 2738 430 2805 αὐτὸν
450 2746 488 2827 τῇ
508 2741 566 2822 μέν
582 2744 663 2826 τομῇ
685 2736 865 2828 ἀδιαφόρως
885 2738 1053 2827 ἐχρήσαντο
1074 2737 1176 2828 ὥσπερ
1197 2747 1289 2833 Κρα-

114 2847 297 2993 πνοςΧαῖρ
321 2881 431 2992 δμίηῗ
456 2883 653 2993 ἄχρειομελως
674 2903 759 2989 ὅμιλε
780 2882 849 2986 ταῖς
869 2885 1018 2990 culpetra,

204 2997 272 3074 Τῆς
291 2988 441 3078 ἡμετέρας
462 2994 574 3079 σοφίας
594 2991 699 3078 κριτὴς
720 2991 823 3077 δι’ριστε
844 2991 974 3075 πόντων,

203 3077 369 3160 Εὗδαίμον’
394 3077 492 3142 {tamt
512 3102 545 3141 σε
565 3074 668 3164 μήτηρ
685 3079 788 3164 ἰκρίων
809 3075 960 3166 ψόφησις.

108 3161 274 3228 Ἐνταῦθα
300 3161 359 3248 γὰρ
386 3158 499 3244 ὁμοίως
525 3160 561 3227 τό
588 3164 691 3245 τρίτον
717 3163 863 3246 τέτμηται
894 3173 959 3240 τοῖς
983 3160 1210 3247 Ἀρχιλοχείοις,
1250 3167 1291 3232 τὰ

67 3298 71 3306 .
116 3249 153 3314 δὲ
175 3246 237 3334 πρὸ
254 3242 354 3320 ‚adreci
378 3244 434 3312 δύο
464 3246 523 3331 πρὸ
545 3253 710 3329 συλλαβῆς.
752 3247 846 3314 Metri
867 3256 963 3312 autem
984 3249 1111 3313 maxime
1132 3252 1291 3318 similitudo

114 3354 168 3401 me
186 3340 300 3414 movet,
322 3339 354 3397 ut
373 3333 428 3397 hos
449 3354 555 3397 versus
577 3355 617 3397 ex
637 3332 826 3397 Archilochis
848 3335 955 3422 petitos
977 3354 1044 3397 esse
1066 3355 1216 3401 censeam:
1248 3339 1292 3404 vi·

116 3418 231 3484 dentur
252 3417 329 3481 enim
351 3439 412 3482 non
437 3418 528 3481 nimis
549 3418 653 3482 remoti
676 3417 712 3481 ab
739 3417 790 3482 illo
811 3418 959 3482 versiculo
979 3418 1088 3483 fuisse:

203 3501 414 3587 Ἐρασμονίδη
436 3499 593 3582 Βόθιαιιε,
612 3498 720 3587 χρῆμά
739 3527 789 3566 τοι
807 3502 934 3587 γέλοιον.

117 3586 204 3654 Sunt
223 3594 321 3652 autem
341 3587 374 3651 hi
395 3594 457 3652 tres
479 3609 584 3651 versus
607 3609 646 3651 ex
666 3588 805 3676 parabasi
825 3584 923 3688 petiti:
953 3587 1088 3737 increpat
1108 3588 1186 3654 enim
1207 3598 1294 3678 poeta

118 3672 262 3762 populum
283 3672 515 3769 Atheniensem,
551 3673 626 3758 quod
647 3672 769 3760 frigidis
791 3672 906 3757 quidem
931 3673 1005 3737 iocis
1047 3675 1203 3739 eteriorum
1225 3697 1295 3764 poe·

119 3766 220 3822 tarum
242 3756 414 3856 delectetur,
435 3759 828 3908 sipienieriaxfftatifflffi
847 3758 972 3908 eprtplplr'pe
993 3758 1295 3910 pleirplplituoppppnap:

119 3842 204 4018 illel
225 3863 309 4009 lili,
324 3842 625 3993 nplpttppupmmsveppps
663 3865 1002 4014 διηρόδμίλωςΡόμιλεί1
1027 3865 1102 4015 duae
1118 3866 1297 4020 liespeniisd
1363 3986 1365 3990 .

120 4148 198 4202 reete
214 4144 317 4225 Ludos.
334 4145 489 4200 Dindorhus
511 4134 628 4203 restituit
648 4146 821 4219 Xenophonti
843 4147 873 4203 in
890 4151 1012 4218 Sympos.
1025 4150 1045 4202 l.
1065 4146 1096 4205 4:
1117 4112 1301 4221 ΙΣτρατημοῖς

120 4213 177 4268 κοιλ
191 4211 344 4283 δππαρχοις
358 4213 407 4294 ιιριὶ
423 4212 625 4286 σπουδαρχίαις
640 4233 688 4286 pro
701 4209 900 4290 σπουδάρχαις.
934 4218 999 4270 Inde
1009 4217 1090 4271 ctiam
1101 4219 1210 4276 verbum
1221 4234 1301 4288 repe·

122 4281 195 4338 fitur
210 4279 453 4352 σιιουδαρχιαζειν,
486 4285 558 4352 quod
574 4285 690 4341 serravit
705 4285 817 4340 Photius
833 4304 861 4357 p.
878 4283 940 4354 532,
956 4283 1001 4342 12.

137 4455 139 4461 Ι
182 4412 200 4445 O
