2768 4770
302 205 362 274 DE
382 205 525 284 RELIQ.
547 203 733 276 COMOED.
755 201 861 277 Aru.
882 203 1026 282 ANTIQ-
1205 208 1248 274 29

89 386 131 437 uu
148 377 189 443 ita
208 375 347 442 videntur
368 373 565 457 emendanda,
603 379 635 439 ut
659 368 775 457 τρόπος
794 373 882 463 plane
904 373 1036 439 deleatur
1062 374 1117 459 (ex
1137 373 1246 442 codicis

94 457 160 526 edm
183 461 380 550 discrepantia
413 460 527 526 videtur
557 461 719 549 profectum
745 461 832 544 esse)
861 467 946 545 atque
973 461 1144 525 restituatur
1174 463 1204 523 Σ
1208 487 1247 524 α-

99 545 219 617 μιοκδν
250 543 410 629 rodaco:
454 567 605 634 compares
626 543 764 609 Photium
791 567 818 632 p.
848 544 1001 626 489,1οε
1044 543 1247 626 Σαμιακδν

100 625 230 734 τρόπον·
260 633 456 713 Κρατῖνος
472 626 723 716 Ἀρχιλόχοις·
758 632 799 704 εἰς
819 655 936 709 υαμιαν
956 627 1154 694 ἐπισκώπτων
1174 656 1246 711 μιν-

102 732 150 777 νοα
170 717 253 780 ναυσί
281 715 341 800 γάρ
368 717 507 799 ἐμφερεῖς
532 711 590 796 εἶχε
619 714 676 789 τὰς
702 710 828 799 πρώρας
853 715 892 777 τὰ
913 719 974 778 τῶν
994 717 1122 795 Σαμίων
1142 719 1244 794 πλοῖα,

103 787 329 886 δςΧοιριλοχος
362 797 377 863 ὁ
405 796 532 881 Σάμιος.
575 798 629 863 sod
655 798 729 862 haec
757 819 868 883 quoque
896 801 969 863 satis
997 807 1066 864 sunt
1093 806 1243 888 corrupta:
1346 836 1348 840 Α

102 880 398 970 Videtur-scribendum
419 906 501 949 esse:
544 882 703 962 Σαμιακὸν
723 881 853 964 τρόπον·
879 886 1033 968 Κρατῖνος
1049 881 1245 969 Ἀρχιλόχοις,

102 966 143 1040 είς
161 972 317 1051 συαινίαν
343 966 540 1033 ἐπισκώπτων
561 968 724 1042 Μένωνα
751 967 800 1032 vel
822 968 1035 1032 Μένιππον.
1062 991 1169 1033 nomen
1191 970 1245 1034 ali·

101 1050 165 1117 cuius
186 1055 313 1120 hominis
343 1055 377 1119 in
404 1055 462 1118 istu
484 1060 630 1118 munstre:
671 1049 826 1133 μιννόωνα
848 1053 940 1117 latere
962 1052 1092 1118 videtur:
1136 1054 1243 1119 deiude

99 1135 175 1204 &ulem
199 1139 359 1228 legendum
386 1145 433 1203 est
468 1133 517 1202 dul
548 1137 606 1222 γὰρ
634 1139 774 1222 ἐμφερεῖς
800 1133 857 1219 εἶχε
884 1137 940 1213 τὰς
968 1133 1093 1222 πρώρας
1118 1137 1157 1201 τά
1183 1143 1245 1203 τών

96 1215 204 1314 ζαμίαν
228 1227 332 1287 πλοῖα.
381 1222 508 1292 Videtur
529 1225 608 1287 enim
639 1223 695 1286 hoc
721 1223 812 1287 verho
839 1245 973 1312 spurcam
993 1222 1244 1310 {profligatumque

94 1308 168 1372 Vllum
178 1309 374 1374 nesciocuius
390 1315 493 1372 notare
515 1308 660 1388 voluisse,
682 1328 776 1392 neque
792 1329 863 1372 vero
874 1309 992 1373 navium
1005 1310 1130 1373 sormam
1141 1330 1243 1397 respe-

89 1383 175 1484 ξῐίῦθι
215 1394 352 1458 conferas
373 1394 460 1457 etiam
483 1392 681 1479 Hesychium:
724 1391 884 1470 Σαμιακδς
909 1391 1038 1479 τρόπος·
1070 1389 1127 1456 δόο
1155 1394 1249 1476 δηλοῖ

87 1475 210 1556 ηλίξις,
251 1474 286 1541 (ἓν
310 1478 366 1557 μὲν
392 1477 428 1542 τὸ
456 1478 504 1541 ἐπὶ
526 1480 655 1561 διαβολῇ
677 1481 738 1540 τών
758 1479 899 1557 Σαμίων,
942 1477 1181 1563 θραλλουμίνων
1201 1473 1244 1554 ώς

84 1560 278 1647 λᾱτεαγότων·
301 1563 401 1647 ἕτερον
423 1562 471 1638 δέ,
503 1559 549 1626 ὅτι
571 1563 603 1626 αἱ
624 1557 778 1644 λεγόμεναι
800 1558 917 1642 Σάμιαι
938 1569 1013 1638 ναῦς
1034 1563 1243 1647 κατέστρωντο

84 1633 116 1695 δί’
144 1645 228 1713 ὅλου.
271 1647 412 1727 Δίδυμος
433 1646 481 1723 δέ,
525 1646 581 1722 τὰς
608 1649 731 1726 Σαμίας
762 1653 837 1721 ναός
871 1649 1038 1734 ίδιαιτίραν
1069 1648 1155 1729 παρὰ
1186 1646 1243 1725 τὰς

84 1711 172 1809 δόλοις
196 1736 270 1807 ναῦς
290 1731 346 1814 τὴν
365 1730 554 1812 κατασκευὴν
574 1729 659 1812 ἔχειν·
681 1726 838 1815 εὖρότεραι
858 1733 914 1812 μὲν
934 1731 991 1815 γὰρ
1023 1734 1078 1795 elul
1104 1732 1161 1808 τὰς
1185 1755 1245 1837 γα-

84 1808 203 1896 ίῑὲρας·
245 1817 316 1892 τοὺς
342 1818 375 1880 δὲ
402 1812 552 1896 ἐμβόλους
577 1815 775 1893 σεσίμωνται,
818 1810 860 1890 ὡς
890 1817 990 1879 δοκεῖν
1016 1813 1154 1900 ῥύγχεσιν
1179 1823 1244 1881 υών

84 1901 192 1976 doing
212 1899 469 1980 κατεσκευάσθαι,
497 1895 562 1964 οἷον
582 1893 818 1984 ίχθυοπρώρους
839 1896 926 1963 εἶναι·
955 1899 1003 1964 διδ
1024 1903 1076 1963 καὶ
1097 1903 1145 1965 ἐπὶ
1166 1897 1244 1966 ταί-

105 2003 128 2053 ς
158 1990 175 2048 λ
208 2007 284 2049 εται·

84 1997 103 2058 η
162 1984 250 2146 dicta
270 2069 305 2135 δί
322 2096 369 2146 τις
391 2064 550 2152 ιόκυπόρος
571 2069 696 2149 Σαμία,
723 2064 778 2144 δός
798 2063 877 2145 εἶδος
898 2066 1021 2151 ἔχουσα.

84 2146 131 2216 ed
157 2162 287 2304 Rraestat
306 2157 388 2244 prior
408 2155 556 2241 Hesychii
579 2155 793 2242 interpretatio.

188 2261 261 2326 eque
281 2241 313 2304 in
334 2242 390 2305 hac
411 2240 475 2303 sola
495 2240 612 2319 fabula,
640 2262 741 2304 verum
763 2240 850 2304 etiam
871 2239 903 2302 in
925 2238 992 2303 aliis
1015 2237 1156 2304 Cratinus
1179 2247 1241 2305 stu·

84 2323 270 2390 usissimum
291 2325 545 2389 Archilochiorum
567 2325 727 2388 carminum
748 2345 782 2388 se
804 2325 951 2388 exhihuit:
986 2331 1088 2413 aperta
1109 2333 1155 2389 est
1174 2325 1241 2392 imi·

84 2402 141 2470 tio
166 2411 198 2473 in
219 2431 308 2474 versu
334 2410 385 2473 illo
408 2410 560 2473 decantato
581 2431 621 2472 ox
642 2408 766 2496 Pytine:

152 2485 387 2642 ἰᾷλιπερνῆτες
408 2499 544 2571 πολῖται,
579 2492 664 2574 τάμὰ
686 2493 724 2576 δὴ
746 2493 857 2570 ξυνίετε

161 2634 165 2640 .
231 2604 300 2642 ατα.

84 2671 93 2758 J
124 2605 234 2748 quilirii
257 2662 424 2729 Scholiasta
445 2661 597 2750 Aristoph.
618 2660 690 2726 Pac.
711 2662 776 2728 586
802 2661 888 2726 dicit:
924 2657 1011 2738 Ἔστι
1038 2659 1073 2726 δέ
1099 2658 1176 2749 πρὸς
1200 2661 1241 2728 οδ

85 2747 257 2830 ρχιλόχου.

161 2825 232 2917 (Ὦ)
255 2838 426 2917 λιπερνῆτες
447 2836 583 2907 πολῖται,
612 2827 697 2910 τάμά
718 2828 757 2910 δὴ
780 2830 898 2906 ξυνίετε.
959 2841 962 2848 ’

84 2914 179 2981 otest
197 2920 254 2983 huc
275 2919 409 2982 revocari
429 2917 517 2996 illud,
540 2915 615 3000 quod
637 2915 695 2978 iam
718 2914 856 2981 Clemens
878 2916 1103 2980 Alexandrinus
1125 2938 1240 3006 compa·

84 2995 154 3064 vit
182 3025 245 3067 cum
272 3002 445 3066 Archilochi
476 3023 566 3065 versu
599 2997 708 3064 Strom.
747 3000 801 3068 Vl.
831 3023 860 3089 p.
887 3002 959 3066 738.
1006 2999 1111 3066 Πόλιν
1136 2999 1169 3065 δ’
1199 2993 1240 3064 αὗ

84 3082 206 3168 ιιήρου
228 3084 378 3162 εἰπόντος·

164 3171 229 3252 Οὐχ
250 3169 318 3253 ὁσίη
340 3169 531 3251 κταμένοισιν
552 3168 601 3234 ἔπ’
627 3165 773 3253 άνδράσιν
794 3166 1009 3251 εὐχετάασθαι,

84 3238 243 3337 Ρχίλοχός
263 3282 295 3320 τε
316 3259 367 3319 καὶ
388 3259 542 3341 Κρατῖνος
563 3250 751 3339 γράφουσιν,
774 3250 790 3318 ὁ
811 3257 883 3335 μίν·

164 3342 206 3405 Οὐ
228 3341 287 3426 γάρ
310 3340 408 3405 ε’σθλδ
429 3347 638 3404 κατθανοῦσα
663 3339 832 3425 κερτομίειν
854 3336 904 3405 ἐπ’
927 3335 1083 3426 ἀνδράσιν,

84 3430 229 3504 Patitor
251 3427 285 3491 δὲ
306 3428 338 3490 ἓν
358 3437 422 3502 τοῖς
443 3421 604 3489 Λάκωσιν.

430 3509 589 3594 Φθονερὸν
610 3505 787 3594 ἀνθρώποις
807 3503 863 3572 τόδ
868 3505 878 3530 ³
903 3498 943 3571 αὖ

161 3595 333 3675 Κταμίνοις
353 3593 402 3660 ἔπ’
427 3597 556 3675 αἰζηοῖσι
578 3600 756 3676 καυχᾶσθαι
776 3594 865 3676 μίγα.

84 3680 146 3740 1113
164 3681 234 3745 illud
247 3702 359 3767 quoquo
381 3687 427 3744 est
446 3681 634 3745 referendum
664 3680 739 3765 quod
760 3681 792 3743 in
813 3677 950 3765 Legibus
973 3678 1060 3742 dixit:
1103 3680 1242 3761 Λυκομ-

84 3769 115 3820 3'
153 3762 239 3850 ἀρχή.
293 3770 448 3849 Κρατῖνος
475 3768 507 3828 ἐν
534 3761 668 3845 Νόμοις,
702 3765 755 3828 τὸν
781 3764 989 3848 Πολέμαρχον
1016 3767 1131 3846 δηλῶν,
1163 3762 1242 3849 πρὸς

141 3846 349 3935 ἀπεγράφοντο
377 3851 432 3925 τὰς
462 3849 670 3932 ἀπροστασίου
692 3851 788 3925 δίκας.
831 3850 1027 3929 Λυκομβίδα
1049 3849 1083 3912 δὲ
1103 3846 1164 3913 εἷπε
1185 3847 1242 3930 τὴν

84 3932 170 4014 'kil
191 3943 248 3975 ⁰⁹⁰
293 3935 343 4000 Sic
357 3935 543 4021 Hesychius:
564 3942 685 4023 apparet
706 3942 801 3998 autem
822 3935 855 3998 in
876 3940 1009 3997 extrema
1029 3932 1132 4033 glossa
1173 3955 1242 4000 uae-

84 4022 145 4080 Q
170 4022 333 4102 excidisse,
358 4041 450 4104 ·quae
476 4021 564 4084 lacile
592 4019 739 4084 addideris
769 4041 808 4082 ex
828 4019 952 4100 Phoda,
996 4040 1044 4104 qm
1064 4023 1135 4108 μθ
1178 4017 1242 4102 ,4.

84 4103 149 4166 *Ec
178 4106 311 4170 exhibet:
353 4107 525 4186 Λυκαμβίς
550 4101 645 4188 ἀρχή·
679 4109 734 4167 τοῦ
761 4099 971 4185 πολεμάρχου·
1002 4109 1146 4188 ψυχρῶς·
1177 4104 1242 4169 ἐπεὶ

84 4187 258 4272 ῑολίμησεν
283 4189 458 4277 Ἀρχιλοχος
489 4195 533 4277 τῷ
558 4184 740 4271 Λυκάμβει·
774 4189 823 4253 ἐπί
851 4189 885 4252 δὲ
912 4182 1024 4253 τούτου
1051 4188 1241 4254 ἀποστασίου

84 4266 131 4331 uer
153 4270 315 4363 ἐπικλήρου
342 4275 375 4340 αἱ
401 4277 483 4341 δίκαι
513 4270 677 4359 ὑπήγοντο.
724 4273 911 4340 Polemarchi
937 4293 1043 4340 munus
1070 4294 1134 4342 cum
1161 4278 1243 4340 esset
