2760 4792
513 242 920 319 commonuimus

542 620 870 695 curuum,

206 838 393 907 Difficillima
418 848 466 908 est
484 842 561 909 ratio
582 843 646 908 eius
666 843 800 928 fabulae,
834 867 919 932 quam
939 850 1292 955 Fugitluminscriosit

118 922 280 1008 Cratinus,
314 928 450 1014 qnoniam
476 949 570 1017 pauca
596 949 670 1014 quae
691 939 810 995 servato
831 940 900 997 sunt
926 934 1110 1022 fragmenta,
1141 945 1172 1001 et
1199 937 1291 1003 enlin

120 1017 151 1073 et
171 1009 297 1076 obscura
317 1020 395 1078 sunt.
426 1014 504 1078 lllud
524 1021 622 1078 umen
642 1014 731 1079 facile
752 1017 1009 1084 animadvertimus
1021 1029 1135 1109 poetam
1156 1023 1291 1110 graviter

117 1114 249 1160 vexasse
265 1096 450 1186 Lamponem
471 1105 567 1161 vatem
588 1119 648 1162 non
669 1099 679 1162 i
725 1101 846 1165 ohilem:
866 1105 1056 1169 voracitatem
1077 1108 1141 1170 eius
1163 1109 1291 1195 castigat

119 1180 152 1244 in
174 1181 308 1246 versibus
347 1203 418 1267 quos
438 1121 759 1273 Auenaeusvnlnp.
780 1185 853 1252 344.
874 1185 912 1251 E.
934 1191 1079 1254 servavit:
1113 1194 1178 1255 Kal
1188 1193 1289 1272 Λαμ-

118 1289 207 1329 πωνα
234 1267 269 1329 δι’
293 1231 348 1331 τάν
373 1262 482 1347 μάντιν
507 1268 556 1331 ἐπὶ
582 1276 647 1344 τοῖς
676 1266 793 1349 ὁμοίοις
818 1274 1001 1359 κωμῳδοῦσι
1022 1277 1163 1352 Καλλίας
1182 1273 1289 1357 Πεδή-

117 1372 186 1500 ταιρ
212 1353 262 1459 sol
286 1347 456 1428 Λύσιππος
482 1347 636 1434 Βάκχαις·
678 1357 834 1441 Κρατῖνος
860 1355 892 1421 d'
922 1357 954 1422 έν
980 1359 1172 1444 Δραπέτισιν
1197 1359 1288 1426 εἶπάν

117 1460 154 1500 πε
207 1454 320 1500 αοτου·

155 1459 173 1521 ρ
202 1517 388 1604 Λάμπωνα,
419 1519 473 1585 τὸν
500 1517 537 1586 od
563 1525 686 1607 βροτῶν
710 1527 822 1610 ψῆφος
849 1518 977 1591 δάναται
1004 1525 1140 1614 φλεγυρὰ
1164 1530 1288 1596 δείπνου

623 1607 722 1695 φίλων
742 1607 901 1696 ἀπείργειν.
1023 1675 1027 1680 .

117 1689 272 1776 ἓπιφέρει·

200 1780 271 1842 Νῦν
291 1771 324 1839 δ’
347 1763 442 1852 αὖθις
462 1770 768 1926 έρυγγάνειὲὲβράκει
788 1776 847 1889 γάρ
869 1774 952 1844 άπαν
971 1777 1008 1845 τὸ
1029 1775 1145 1866 παρόν·
1180 1781 1288 1872 τρίγλῃ

676 1888 733 1926 λίαν
778 1889 797 1926 ίέ
819 1887 893 1929 θίΐθι
969 1907 972 1916 ·

114 1945 162 2011 lta
188 1945 267 2010 enim
293 1944 345 2010 isti
369 1965 477 2010 versus
504 1946 702 2010 constituendi
733 1889 818 2029 sdhtz
860 1969 921 2014 non
948 1969 1071 2037 prorsus
1096 1949 1142 2014 illi
1170 1950 1287 2036 quidem

115 2030 274 2096 dissimiles
300 2030 351 2112 iis,
371 2030 475 2115 quibus
496 2030 714 2119 Aristophanes
734 2032 767 2095 in
787 2032 850 2101 Vos
871 2033 896 2097 is
919 2054 946 2096 v.
970 2035 1062 2098 1520.
1083 2054 1155 2099 usus
1177 2043 1243 2100 est:

198 2117 328 2198 Πηδιλτε
359 2112 446 2201 παρὰ
471 2110 628 2198 ψάμαθον
661 2117 713 2178 καὶ
738 2114 805 2180 θῖν’
835 2141 855 2178 α
875 2116 909 2194 ὃς
942 2115 1108 2204 ἀτρυγέτου
1150 2121 1286 2207 καρίδων

620 2195 760 2286 άιλελφοί.

114 2290 145 2352 et
164 2280 266 2352 1525:

192 2362 425 2434 Ἕκλακτισάτω
451 2389 499 2444 τις
524 2364 607 2444 ὅπως
627 2363 742 2447 totns
762 2365 827 2436 άνω
846 2370 954 2447 σκέλος
973 2367 1090 2452 α’ίζωσιν
1110 2373 1140 2438 oi
1159 2374 1286 2443 θεαταί.

112 2453 176 2521 Sed
201 2454 328 2521 eundem
353 2453 538 2542 Lamponem
566 2454 654 2518 etiam
681 2455 747 2519 aliis
772 2456 806 2521 in
832 2457 904 2522 locis
930 2457 1017 2523 huius
1048 2458 1168 2523 fabulae
1193 2460 1285 2526 veho·

111 2547 228 2608 menter
248 2540 377 2605 laeserat
397 2537 555 2619 Cratinum
582 2538 754 2627 Hesychius
776 2542 869 2607 enim:
893 2538 1157 2627 Ἀγεροικάβηλις,
1178 2545 1285 2631 inquit,

113 2629 269 2711 Κρατῖνος
292 2625 325 2689 έν
350 2623 542 2710 Δραπέτισιν
568 2624 617 2688 lul
642 2620 841 2706 Λάμπωνος.
872 2626 927 2691 τὸν
947 2626 1042 2693 αὐτὸν
1067 2625 1203 2713 άγάρτην
1230 2631 1284 2695 καλ

111 2705 1285 2869 α··’νεαααιὲάιαοαα’,σασανα···

112 2820 297 2969 doedvdscr.
324 2875 366 2957 ὡς
392 2879 457 2944 sive
485 2881 529 2956 είς
555 2874 720 2986 ἄγάρτηνῖγ.
758 2821 857 2947 hoho
884 2880 1014 2969 Etymol.
1041 2821 1200 2972 Mysum
1215 2822 1283 2951 ox-

104 2962 368 3053 Ἀγερσικάβηλις·
399 2961 527 3047 κάβηλις
552 2965 668 3048 λέγεται
695 2990 712 3030 ο
733 2966 857 3042 πέλεκυς
879 2963 895 3031 ὃ
916 2963 1075 3049 μαντικός·
1109 2969 1139 3033 οἳ
1164 2970 1201 3033 δέ
1225 2966 1283 3037 τάν

110 3051 162 3137 ἔφ’
195 3049 306 3117 ἑαυτὸν
333 3048 491 3136 ἀγείραντα
518 3047 572 3114 τὸν
591 3049 717 3115 πέλεκυν
737 3047 757 3135 ἢ
779 3048 881 3134 θάτην
901 3050 987 3138 παρά
1007 3051 1064 3135 τὴν
1083 3050 1207 3138 άγερσικ
1226 3052 1282 3119 τὸν

108 3135 242 3224 άγερμον
262 3133 282 3220 ἢ
304 3130 496 3221 άθροισμάν,
522 3136 679 3220 Κρατῖνος
700 3136 733 3200 ἓν
752 3135 941 3221 Δραπέταις.
986 3136 1148 3202 Praeterea
1168 3137 1280 3204 Suidu

107 3223 150 3289 Τ.
176 3223 218 3288 ΙΙ.
243 3243 273 3312 p.
300 3220 378 3287 ³882
428 3221 621 3302 Κυβηλίσαι·
659 3223 827 3285 πελεκίσαι·
861 3217 990 3304 κάβηλις
1014 3221 1073 3308 γάρ
1101 3219 1118 3287 ὃ
1143 3222 1281 3302 πέλεκυς.

106 3308 159 3373 καλ
179 3301 426 3394 άγερσικάβηλις,
453 3300 471 3369 ὃ
491 3300 605 3388 θύτης·
626 3307 782 3391 Κρατῖνος
801 3307 1000 3392 Δραπετίσιν.
1027 3309 1075 3372 lul
1095 3303 1281 3389 Λάμπωνος

107 3388 170 3458 slus
189 3392 244 3457 τὸν
264 3389 399 3476 άγάρτην
419 3391 471 3454 καί
497 3385 635 3473 κύβηλιν.
673 3398 807 3456 extrema
833 3392 926 3456 verha
954 3392 1052 3458 addita
1074 3394 1202 3459 suntad
1223 3412 1279 3459 ex·

105 3477 271 3570 plicandam
292 3498 393 3541 vocem
415 3471 662 3561 άγερσικάβηλις,
684 3476 787 3541 eodem
808 3476 894 3542 modo
915 3498 972 3563 quo
994 3476 1165 3564 Hesychius
1187 3478 1279 3544 dixitt

104 3562 160 3629 τὸν
180 3560 276 3627 αὐτὸν
295 3559 430 3646 άγάρτην
450 3562 502 3625 καί
522 3559 709 3644 κοβηλιστὴν
729 3556 805 3639 είπε,
855 3582 910 3625 nae
931 3562 1047 3648 quidum
1068 3562 1145 3627 male
1165 3562 1210 3627 sic
1230 3563 1280 3628 in·

104 3653 283 3737 terpretatus
309 3653 372 3728 est,
412 3668 447 3711 uc
473 3647 500 3711 si
520 3646 569 3711 his
590 3646 664 3735 ipsis
684 3646 806 3710 vocibus
828 3583 969 3712 dratinus
990 3655 1072 3711 esset
1091 3668 1173 3712 usos.
1216 3645 1278 3714 Go-

104 3741 199 3800 terum
219 3733 301 3821 ipsos
323 3731 537 3798 Grammaticos
558 3730 595 3797 de
617 3730 791 3818 explicando
811 3731 868 3796 hoc
881 3731 973 3795 verbo
994 3731 1148 3796 admodum
1169 3731 1277 3798 dnhios

103 3819 200 3884 fuisse
233 3819 438 3905 cognoscimus
469 3837 510 3881 ex
537 3815 734 3882 Grammatico
769 3815 906 3881 Bekkeri
934 3814 976 3881 Τ.
1001 3815 1027 3880 Ι.
1052 3838 1082 3907 p.
1108 3817 1184 3899 3³6,
1216 3816 1276 3884 15:

99 3900 361 3988 Ἀγερσικάβηλιν·
394 3904 551 3988 Κρατῖνος
570 3898 740 3983 Λάμπωνα
767 3898 821 3964 τὸν
844 3895 974 3982 μάντιν,
1004 3895 1047 3977 ὡς
1066 3897 1202 3986 άγάρτην
1223 3902 1276 3967 καί

104 3985 221 4071 θάτην·
243 3983 370 4072 κάβηλις
389 3986 449 4073 γάρ
467 3981 634 4062 ὃπέλεκυς·
655 3986 685 4051 οἳ
706 3985 740 4050 dd
760 3981 1057 4071 ἓγερσικάβηλιν
1076 3987 1110 4050 έν
1129 3990 1175 4075 τῷ
1196 3981 1276 4069 δρά-

102 4097 180 4155 ματι
199 4072 363 4160 γράφουσι.
384 4069 438 4138 τὸν
459 4068 506 4157 ἐφ’
523 4067 634 4136 ἑαυτὸν
652 4070 806 4157 ἐγείροντα
826 4069 880 4134 τὸν
900 4069 1034 4135 πέλεκυν.
1076 4067 1164 4137 Unde
1184 4071 1275 4138 eliam

104 4157 254 4245 Hesychii
275 4157 378 4246 glossa
398 4156 646 4244 redintegrando:
689 4155 719 4220 oi
749 4154 783 4219 δὲ
814 4154 828 4222 ί
835 4152 1062 4240 ἓγερσικάβηλιυ
1089 4153 1274 4256 γράφουσα)

103 4242 158 4309 τὸν
177 4241 230 4331 ἐφ’
255 4240 365 4309 ἑαυτὸν
384 4241 580 4326 ἐγείροντα
601 4245 667 4307 κτλ.
709 4239 771 4305 Sed
792 4240 864 4306 mihi
885 4240 1001 4327 quidem
1023 4240 1164 4307 Cratinus
1184 4238 1274 4341 ἀγκρ-

103 4324 265 4414 σικάβηλιι
283 4327 401 4395 videtur
421 4325 594 4417 scripsisse,
627 4335 661 4393 ut
679 4332 798 4395 notaret
814 4325 1001 4416 Lamponem
1021 4332 1158 4412 tanquam
1179 4346 1273 4393 uerr-
