2768 4770
321 233 381 301 nu
403 233 546 310 amru
567 227 756 300 eumuna.
773 227 882 298 suu.
902 228 1049 321 sunau.
1196 232 1262 299 ιιι

103 404 213 471 enimus
233 410 265 468 et
285 399 323 468 ad
342 382 421 466 mah
440 399 573 466 lacinura
594 395 773 463 admittenda
791 394 991 484 infinumari,
1021 399 1083 466 aeri
1102 406 1262 470 summotus

66 512 68 521 ·
104 489 167 556 edin
191 491 269 555 hanc
294 493 406 576 pestem
434 507 468 549 ae
488 483 652 573 'perniciem
681 481 842 581 patuerum
866 502 979 548 mamm
1005 504 1023 547 a
1047 485 1133 584 gredi
1153 489 1263 553 eonsti-

66 578 71 603 '·
107 574 156 640 tuit
172 581 204 641 et
221 575 300 638 hanc
319 572 414 661 ipsam
435 569 581 650 fabulam,
601 567 639 633 de
659 586 717 651 qua
738 573 852 655 agutur,
872 567 979 633 decuit.
1020 505 1147 637 luetur
1166 578 1262 638 autem

110 666 186 749 ubete
203 659 285 749 ipsas
306 656 456 720 numinum
476 655 598 718 istorum
619 651 734 739 speeies
754 651 859 715 mirum
879 651 911 715 in
932 650 1065 735 mudum,
1086 662 1119 720 ut
1139 677 1263 722 eunsen·

113 752 215 809 tuneum
235 750 300 823 est,
334 748 493 805 exornatas
519 736 718 826 spectantibus
744 734 931 800 exhibuisse:
962 738 1049 803 huius
1070 742 1116 805 rei
1137 742 1262 807 obseura

106 829 237 913 wedam
264 824 393 913 vestigia
421 823 610 912 reperiuntur
633 819 711 908 apud
742 817 937 885 Scholiastam
962 819 1118 912 Arlstuph.
1145 824 1263 894 Ecules.

115 928 138 977 r.
152 912 241 995 lim,
261 911 313 975 nbi
333 930 397 975 eum
418 908 456 973 de
477 905 617 975 Camunni
636 905 754 970 deeretu
775 905 899 992 egisset,
918 905 994 971 haee
1014 910 1086 973 satis
1107 910 1262 978 mirasub·

115 992 207 1062 irunt:
249 997 317 1061 Kal
338 990 355 1058 b
375 995 532 1074 Κρατῖνος
551 993 584 1056 δν
603 999 668 1066 τοῖς
688 990 777 1066 ἰδίοις
796 987 853 1064 τὰς
874 990 964 1067 θείας
982 992 1109 1078 μορφδις
1128 997 1162 1061 ἰν
1181 995 1262 1084 ιἰρχῇ

115 1084 252 1231 παίσας.
273 1078 440 1167 quaenullu
460 1077 546 1142 made
566 1097 632 1141 eum
652 1075 690 1139 iis
702 1094 776 1160 quue
796 1095 977 1163 praegressa
996 1084 1067 1143 sunt
1086 1079 1259 1148 cohaerent:

117 1164 173 1233 'ud
190 1166 305 1254 quidem
326 1163 512 1229 manifestum
534 1169 580 1226 est
600 1160 786 1225 scribendum
804 1180 873 1224 esse
884 1161 1040 1245 Κρατῖνος
1053 1163 1086 1227 δν
1093 1161 1121 1227 ²1
1125 1164 1145 1229 δ
1151 1168 1260 1246 alass,

115 1270 183 1336 quem
207 1250 349 1338 Phrygia
374 1249 432 1313 ista
461 1247 582 1311 numina
607 1246 640 1310 in
667 1244 790 1309 exurdiu
816 1244 935 1309 fabulae
962 1246 1118 1314 induxisse
1137 1272 1260 1340 prorsus

114 1336 232 1403 usuvenit
250 1333 375 1422 ingenie
396 1332 505 1397 veteris
525 1329 703 1396 eumuediae.
743 1328 960 1395 Existimabam
981 1340 1077 1398 autem
1099 1333 1154 1400 hue
1175 1339 1261 1403 subu-

66 1412 79 1525 ξ
113 1416 164 1485 bun
179 1428 288 1488 temere
309 1419 366 1483 hue
387 1439 427 1482 ex
447 1438 502 1482 suu
522 1416 596 1482 sede
620 1436 689 1479 esse
709 1413 884 1480 translatum
906 1422 936 1479 et
956 1415 1123 1486 dubitanter
1144 1423 1258 1510 quidem

66 1530 79 1573 s
113 1502 490 1572 messanensibus:

66 1598 76 1659 .“
174 1582 213 1657 Ὦ
232 1592 353 1686 Πᾶνες,
375 1578 401 1651 d
420 1581 638 1686 Κορύβαντες,
663 1570 688 1683 ᾦ
709 1578 898 1682 Διοσκόρω..

66 1720 72 1829 [³
113 1674 338 1842 {bailleul
353 1671 1259 1838 stiltiud'la*bhtalllhhtbthtllt

66 1854 70 1867 '
111 1840 208 1910 uellere
227 1864 267 1908 ex
286 1863 340 1908 suo
361 1841 439 1905 luco:
461 1839 590 1903 fortusse
611 1835 689 1899 enim
712 1833 853 1900 Cratinus
878 1835 1001 1903 similem
1042 1841 1167 1909 nandum
1187 1847 1260 1915 ima·

66 2002 68 2007 ,
132 1924 199 1993 ‘em
218 1928 392 1993 exhibuerat
411 1931 498 2010 atque
517 1920 736 2008 Aristophanes
762 1919 796 1983 in
816 1919 873 1985 huc
891 1920 973 2003 lucu,
1008 1860 1059 1989 ubi
1081 1924 1156 1992 duae
1176 1944 1260 1995 uetu-

105 1942 277 2157 Ξδεαίατ
299 2012 414 2078 instant
438 2016 525 2094 atque
551 2005 682 2093 fatigant
707 2004 859 2088 iuuenem,
898 2006 947 2092 qui
972 2007 1019 2072 ira
1045 2010 1179 2078 fervidus
1205 2036 1259 2081 ex-

66 2108 70 2131 ·'
150 2104 215 2163 mat:

66 2206 69 2249 !
182 2184 276 2247 Tomi
296 2179 332 2246 τδ
354 2183 482 2263 πρᾶγμα
503 2173 582 2241 κατὰ
601 2170 637 2239 ab
664 2169 828 2238 Καννωνοο
849 2180 960 2263 σαφῶς

149 2304 152 2309 -
183 2264 350 2354 Ψήφισμα,
370 2272 463 2346 βινεῖν
484 2263 533 2327 δεῖ
546 2285 585 2342 με
607 2259 856 2341 διαλελημμένον.

66 2404 69 2417 .
109 2382 114 2389 ·
179 2352 255 2429 Πῶς
274 2347 331 2416 οὖν
351 2352 492 2413 δικωπεῖν
512 2344 690 2431 ἀμφοτέρας
711 2340 892 2426 δυνήσομαι.

113 2424 250 2513 Erulum
269 2443 367 2501 autem
388 2432 497 2519 aliquid
517 2438 585 2519 pust
604 2429 657 2494 illa
676 2430 785 2493 verba:
812 2428 939 2515 μορφὰς
959 2431 992 2495 ἓν
1012 2429 1093 2521 ἀρχῇ
1113 2436 1260 2521 φανείσας

114 2515 178 2583 uh.
189 2528 318 2612 apparet
359 2518 432 2583 Fuit
452 2523 548 2581 autem
569 2535 633 2581 unm
654 2513 702 2578 his
723 2534 850 2601 magnae
871 2515 973 2580 matris
994 2520 1104 2601 saeris,
1130 2523 1173 2586 uli
1193 2543 1258 2588 eum

112 2596 180 2686 dh,
203 2628 278 2694 quae
299 2603 481 2670 clandestine
502 2607 532 2664 et
551 2605 693 2664 nocturne
714 2605 844 2688 tempore
865 2600 1103 2685 celebrabantur,
1131 2604 1259 2673 foeditas

114 2688 221 2757 mma
240 2691 408 2756 coniuncta:
445 2686 583 2751 solebant
607 2683 685 2748 enim
711 2683 759 2748 his
787 2685 1020 2752 solemnitatibus
1040 2687 1180 2755 libidines
1200 2691 1260 2791 gli·

112 2774 395 2862 remanetquasisub
410 2774 510 2837 cinere
523 2769 649 2834 latentes
658 2767 835 2834 inflammari
844 2770 1079 2857 buminesquead
1089 2776 1259 2863 turpissuma

114 2847 225 2925 fitiuura
245 2859 407 2950 impellere.
448 2856 551 2941 ltaque
573 2853 715 2920 Cratinus
741 2853 819 2919 hanc
839 2876 855 2920 s
876 2857 1007 2921 urcitiem
1029 2880 1064 2923 ue
1088 2860 1258 2928 foeditatem

112 2949 240 3029 mrum
267 2942 502 3010 Atheniensibus
532 2939 587 3003 sub
615 2943 772 3026 conspeetu
804 2877 948 3005 cellbeare
980 2942 1092 3008 studuit
1122 2947 1259 3032 claraque

112 3027 222 3112 uuum
240 3029 406 3094 illustrare:
429 3027 548 3093 charum
570 3024 648 3088 euim
675 3022 795 3089 induxit
812 3024 962 3091 huminum
983 3029 1259 3120 perditissimorum,

111 3103 150 3183 lli
171 3113 240 3178 deae
265 3114 360 3178 saeris
386 3112 494 3175 initiati
524 3116 610 3194 atque
636 3109 752 3197 penitus
774 3108 938 3176 effeminati
963 3133 998 3179 eu
1034 3137 1069 3181 us
1090 3114 1259 3209 levigarent

111 3191 238 3263 δεήσοι
259 3219 361 3263 omnes
371 3196 436 3284 igni
454 3196 655 3259 amburerent:
676 3194 746 3258 inde
767 3215 874 3259 numen
895 3196 982 3262 fluxit
997 3136 1257 3289 ldnncnpdmon

110 3262 154 3335 lle
172 3283 255 3347 etiam
275 3289 388 3431 ερροίοι
407 3279 497 3361 illud,
519 3278 595 3364 quud
615 3279 674 3342 iam
695 3299 731 3376 su
750 3299 786 3342 ra
806 3281 900 3362 attuli,
922 3282 997 3366 quud
1020 3286 1120 3353 dieunt
1137 3288 1257 3361 Aristu-

109 3350 214 3437 δίδοται
233 3368 267 3432 in
320 3364 623 3454 hesmuphuriazusis,
656 3363 707 3426 ubr
784 3364 930 3430 esiluebus
951 3367 983 3431 in
1004 3369 1143 3440 feminam
1164 3388 1257 3447 muta.

109 3440 157 3524 tl1,
176 3452 210 3519 ad
231 3450 349 3518 Cratini
370 3449 536 3538 exemplum
557 3469 591 3512 re
612 3448 828 3536 composuisse,
849 3450 976 3518 maxime
996 3452 1098 3523 iubis
1118 3462 1234 3529 uerbis:

537 3530 715 3618 Ἀποξνρεῖν
735 3533 816 3613 ταδί,

88 3698 91 3702 ι
176 3618 224 3685 Τὰ
246 3618 330 3685 κοίτω
351 3618 382 3684 δ’
407 3613 538 3701 ἀφεύειν.

107 3685 197 3770 lltlles
224 3705 360 3772 hemines
410 3703 572 3768 utissimum
598 3700 686 3767 huius
708 3702 781 3768 deae
803 3705 896 3771 saeris
917 3706 1048 3778 initiatus
1068 3711 1163 3782 fuisse
1184 3715 1256 3785 dicit

107 3774 245 3854 &buliast
266 3727 420 3877 Aristepb.
441 3788 501 3852 Av.
522 3788 601 3852 876:
639 3784 678 3851 Ὁ
699 3790 732 3851 δὲ
754 3791 895 3871 Δίδυμος
913 3796 1032 3881 μητέρα
1055 3802 1253 3890 Κλεοκρίτου,

106 3859 142 3930 δτι
159 3869 197 3950 ὣς
221 3877 378 3958 γοναικίας
405 3875 455 3936 καί
481 3873 616 3948 κίναιδος
641 3875 847 3958 κωμῳδεῖται·
883 3877 916 3942 δν
936 3880 971 3944 δὲ
990 3892 1054 3959 τοῖς
1073 3890 1255 3974 μυστηρίοις

103 3957 146 4035 ἰῆς
162 3957 249 4034 ‘Phe
278 3959 412 4041 μαλακοὶ
440 3954 586 4040 τιοίρεισιν.
634 3956 722 4064 Adde
753 3955 913 4046 Synesium
942 3965 974 4030 ln
996 3965 1105 4037 Calvil.
1125 3971 1203 4049 lines
1222 3995 1253 4066 p·

100 4038 148 4109 δδτ
189 4041 274 4120 Tude
295 4045 327 4108 ἐν
345 4051 411 4119 τοῖς
430 4043 607 4124 Κυβελείοις
632 4065 761 4118 τοοτοος
781 4042 855 4122 uude
874 4047 1069 4135 κατεαγότας.

436 4328 902 4375 Q
