2768 4770
347 205 406 272 DE
427 206 569 281 RELlQ.
591 203 779 275 comodo.
799 205 907 276 ΑΤΤ.
927 208 1073 285 ANTIQ.
1229 210 1293 276 alr

122 376 265 444 Cratinus
291 382 322 438 et
354 374 456 439 eodem
483 383 568 461 pacto
595 374 686 438 ceteri
718 375 821 441 comici
852 381 956 464 poetae
983 376 1150 464 aegerrime
1182 377 1293 460 lerunt,
1330 454 1332 457 Ι

120 461 235 560 siquis
264 461 426 550 peregrina
454 466 503 522 aut
531 459 618 547 etiam
647 459 774 524 barbara
801 466 892 547 gente
920 460 1062 524 oriundus
1087 462 1121 524 in
1147 461 1294 528 civitatem

118 547 251 613 aorem
273 543 350 608 mala
371 543 476 608 frande
498 564 532 607 se
549 542 774 626 insinuavisset.
795 545 931 631 quoniam
941 545 1161 627 intellexerant,
1182 547 1293 611 nnllam

118 635 233 721 pestem
254 629 301 694 rei
320 628 454 716 publicae
475 628 532 691 bac
552 628 752 716 capitaliorem
774 651 859 693 esse:
880 629 932 694 illo
953 651 1026 695 vero
1047 637 1177 721 tempore
1197 628 1293 696 Athe-

118 717 259 795 nienses,
286 722 319 776 nt
350 719 437 777 erant
462 733 537 799 erga
585 714 741 799 eregrinos
769 713 970 779 liberalissimi
992 715 1144 799 (conferas
1162 715 1292 782 Periclis

118 801 284 867 orationem
304 799 459 862 l'unebrem
481 819 528 884 ap.
583 798 691 884 bucyd.
712 798 752 862 ll.
774 800 834 864 39:
858 797 926 882 Τήν
945 823 979 863 τε
999 798 1058 884 γὰρ
1080 797 1168 865 πόλιν
1188 800 1292 881 κοινὴν

115 883 301 971 παρέχομεν,
322 883 374 946 καὶ
396 880 453 946 οὐκ
473 879 555 946 ἔστιν
577 879 626 946 ὅτε
648 884 838 964 ξενηλασίαις
851 883 1032 967 ἀπείργομέν
1052 909 1120 949 τινα
1141 882 1160 966 ἢ
1181 881 1291 967 padd-

116 993 218 1053 ματος
238 966 258 1051 ἢ
279 963 454 1048 θεάματος,
476 963 494 1030 ὃ
515 965 559 1049 μὴ
579 967 720 1053 κρυφθὲν
740 965 780 1030 ἄν
798 991 846 1044 τις
865 974 928 1033 τῶν
948 969 1101 1052 πολεμίων
1113 967 1188 1039 ἰδὼν
1208 969 1290 1057 ὠφε-

117 1053 245 1136 ληθείη,
274 1051 465 1127 πιστεύοντες
487 1049 524 1115 οὐ
546 1061 613 1127 ταῖς
633 1063 841 1138 παρασκευαῖς
866 1053 902 1118 τὸ
924 1053 1016 1118 πλέον
1037 1056 1088 1117 καὶ
1115 1049 1249 1129 ἀπάταις
1269 1051 1290 1136 ἢ

115 1145 160 1227 τῷ
186 1136 246 1222 ἀφ’
269 1134 358 1219 ἡμῶν
387 1135 491 1199 αὐτῶν
518 1138 549 1211 ἐς
575 1136 613 1202 τὰ
642 1134 716 1220 ἔργα
738 1136 879 1225 εὐψύχῳ)
903 1139 948 1202 ita
976 1139 1063 1204 eliam
1089 1136 1230 1227 plurimos
1256 1140 1290 1203 in

116 1223 265 1290 civitatem
291 1228 473 1308 receperant.
516 1225 576 1285 lam
604 1223 707 1287 cornici
730 1229 851 1311 poetae,
885 1224 934 1308 qui
964 1223 1131 1323 aegerrime
1160 1224 1291 1288 tulerunt

156 1308 241 1372 neris
273 1307 455 1370 nobilitatem
487 1312 518 1370 et
548 1306 731 1372 honestatem
763 1308 933 1396 peregrinis
964 1309 1031 1373 istas
1058 1315 1088 1372 et
1115 1308 1288 1373 adventiciis

137 1392 285 1458 ominibus
307 1392 477 1480 deturpari,
498 1392 672 1479 saepissime
692 1393 767 1456 viris
788 1393 971 1480 potissimum
991 1414 1030 1482 po
1049 1393 1181 1458 ularibus
1202 1414 1289 1481 pere·

155 1479 162 1493 '
188 1499 234 1542 am
257 1483 306 1541 ant
328 1477 481 1541 barbaram
503 1478 686 1564 exprobrant
706 1477 868 1565 originem:
897 1485 927 1542 et
948 1477 992 1541 sic
1011 1415 1154 1543 diarium
1175 1498 1288 1564 quoqne

113 1499 187 1629 blein
192 1561 258 1627 loco
278 1561 408 1642 Pisiam,
437 1560 519 1647 Ospb
543 1581 628 1625 onem
651 1562 763 1644 (fictum
788 1562 844 1625 boc
870 1562 992 1644 nomen)
1015 1562 1201 1650 Diitrepbem
1222 1569 1288 1627 tan·

115 1668 203 1734 qnam
224 1646 380 1728 homines,
401 1647 450 1730 qui
472 1581 550 1708 mala
571 1645 677 1723 frande
697 1647 745 1709 nsi
765 1643 895 1710 Atticam
916 1647 1063 1711 civitatem
1085 1648 1143 1711 sibi
1163 1667 1287 1747 arroga-

113 1732 231 1812 verint,
258 1731 363 1794 acerbe
390 1736 486 1794 notat:
512 1727 626 1793 iudices
653 1731 732 1793 enim
758 1750 864 1792 rernm·
883 1729 1032 1794 navalium
1060 1732 1147 1795 etiarn
1175 1731 1212 1795 de
1236 1732 1286 1814 ris,

133 1817 165 1882 ni
185 1815 309 1881 subdole
335 1836 368 1878 se
394 1812 628 1878 insinuavissent
654 1813 783 1894 civitati,
808 1813 855 1876 ins
883 1813 1037 1895 dicebant,
1061 1815 1130 1878 vide
1150 1815 1182 1877 in
1203 1816 1286 1880 rimis

114 1838 264 1978 limarum
285 1906 315 1964 ct
335 1898 572 1964 Sebaemannnm
593 1898 630 1977 de
652 1897 707 1962 litt.
728 1896 793 1962 Aa.
813 1919 843 1985 p.
863 1897 916 1962 83.
944 1896 995 1962 De
1015 1897 1089 1985 ipsis
1110 1898 1171 1962 illis
1183 1837 1304 1962 lnomi.

112 1987 203 2053 nibus
229 2004 302 2070 qnos
330 1982 472 2050 Cratinus
499 1983 643 2070 castigat,
679 1982 738 2047 alio
764 1983 828 2046 loco
855 1982 985 2063 dicetur,
1018 1982 1118 2070 attigit
1143 1983 1286 2047 nonnulla

113 2071 147 2139 in
161 2070 370 2136 dissertatione
381 2069 418 2133 de
429 2067 640 2222 Aristoppanis
651 2066 768 2132 Avibus
790 2066 1069 2155 etHermoeopidis‚
1090 2087 1165 2152 qnae
1176 2066 1285 2132 Museo

112 2148 263 2221 Rbenano
285 2153 327 2219 Τ.
348 2152 404 2218 lll.
426 2156 447 2218 2
467 2151 533 2216 etl
564 2155 614 2219 .1
640 2153 754 2217 inserta
781 2159 843 2234 cst,
871 2151 1021 2217 Gustavnr
1049 2151 1209 2239 Droysen,
1237 2148 1288 2216 vir‘

112 2240 302 2390 inmens,
323 2239 372 2324 qui
392 2244 490 2316 tamen
510 2259 613 2325 parum
635 2244 771 2302 accurate
792 2236 830 2302 de
836 2236 1002 2386 ¹permultis
1023 2236 1112 2300 rebus
1125 2236 1286 2325 disputavit

111 2346 141 2393 m

234 2345 289 2410 qne
311 2322 422 2387 erravit
442 2329 472 2386 et
490 2323 523 2386 in
544 2323 677 2387 instituto
697 2322 815 2387 fabulae
838 2321 917 2385 'lius
937 2320 1170 2413 Aristophaniae
1190 2323 1285 2422 expli·

111 2409 224 2491 cando,
249 2415 282 2473 et
305 2409 338 2472 in
364 2407 503 2492 gentibus
529 2407 708 2492 familiisque
730 2405 844 2470 Atticis
866 2406 1079 2486 diiudicandis,
1111 2407 1154 2471 nti
1180 2407 1213 2471 in
1233 2407 1283 2489 ris,

112 2514 188 2580 qnae
214 2492 251 2558 de
279 2491 400 2557 Solonis
447 2492 553 2555 esteris
581 2511 739 2576 eorumque
767 2489 902 2576 cognatis
929 2489 1006 2554 dixit
1028 2488 1086 2555 IlI.
1105 2492 1137 2556 2.
1157 2511 1187 2592 p.
1209 2491 1283 2574 196,

131 2599 187 2643 nae
208 2578 345 2662 qnoniam
372 2576 409 2640 ad
426 2514 571 2640 bolonem
596 2576 746 2664 pertinent
765 2581 851 2660 atque
877 2574 942 2663 ipse
963 2574 1063 2638 erravi
1090 2574 1123 2638 in
1147 2575 1186 2639 irs
1208 2595 1283 2660 qnae

132 2663 261 2752 'putavi
287 2661 323 2725 ad
345 2660 562 2724 Anacreontem
582 2682 611 2747 p.
634 2659 714 2741 175,
743 2659 776 2722 in
796 2679 929 2724 errorem
949 2658 1084 2725 inductus
1105 2681 1124 2724 a
1143 2657 1282 2741 Platone,

110 2768 198 2835 onem
219 2768 293 2811 sane
315 2745 411 2810 decuit
437 2745 512 2809 banc
542 2744 702 2826 familiam,
736 2743 773 2810 ad
794 2765 881 2832 qnam
900 2745 966 2835 ipse
995 2765 1093 2834 genus
1120 2743 1281 2827 referebat,

108 2832 219 2901 melius
240 2831 377 2911 novisse,
403 2835 526 2894 stemma
545 2829 713 2896 subiiciam:
934 2856 937 2864 ·
1019 2855 1023 2861 ·
1193 2832 1196 2841 '

357 2928 551 2995 Execestidcs

192 3148 269 3219 Solo
453 3015 459 3113 l
664 3143 816 3234 Dropides

606 3423 619 3437 .
661 3328 802 3400 Critiasl
818 3327 1091 3420 (qnemcelebravit
1101 3326 1275 3416 Anserem)

541 3526 961 3543 ww

322 3550 531 3622 Callaeschros
544 3546 594 3636 l.
922 3547 1036 3645 Glauco
1076 3547 1094 3619 Ῑ

363 3635 475 3819 Critias
495 3700 546 3802 11υιῖ
770 3704 774 3713 ’
827 3805 831 3814 ,
924 3635 1094 3823 meabant
1173 3781 1177 3798 .

318 3822 599 4039 Callaeslcbrubll.t.
685 3944 689 3977 ¹
759 3894 784 3981 ἰ
866 3819 1094 4033 ''Gladcoll

235 4134 240 4149 ι
350 4008 554 4173 ceolam·
597 4038 632 4167 ¹⁴.
921 4005 1089 4194 molgon

258 4192 323 4279 (qni
342 4193 400 4258 fuit
418 4194 496 4257 inter
517 4191 643 4291 triginta
656 4188 814 4291 lympnas)
1071 4273 1078 4289 1

86 4302 207 4356 vernn
227 4279 303 4349 baec
324 4281 487 4345 accuratius
508 4290 645 4367 persequi
664 4275 954 4349 instrbrtibcrmrnos
974 4273 1101 4345 exeat
