2760 4792
329 213 389 282 DE
410 211 553 290 aaut.
574 208 763 282 ΟΟΜΟΕΙ).
783 207 889 281 Α’ῙὝ.
909 207 1054 285 Auula.
1233 205 1277 275 ss

103 382 199 449 oculis
219 389 406 465 versaretur,
427 387 514 447 erant
533 381 623 447 etiam
642 379 734 447 multo
755 379 914 460 castiores,
942 377 1033 443 multo
1054 375 1274 464 religiosiores,

92 468 184 554 'quod
203 468 288 617 quasi
308 468 341 532 in
361 469 433 566 fanq
454 486 585 565 summae
606 464 773 564 sanctitatis
794 460 944 529 constituti
964 462 1113 561 esse-sibi
1131 461 1275 562 videban-

104 562 163 618 tur.
231 551 269 617 ed
290 573 355 618 cum
381 551 549 641 phdosopbr
575 556 738 615 acmratsns
759 570 858 613 rerum
879 555 1015 613 sarman
1034 546 1274 635 mdagavrssent,

104 643 193 724 etque
227 635 287 701 ista
325 627 465 722 tanquam
504 656 584 700 vana
620 640 784 700 commenta
818 640 1008 722 spernerent,
1055 631 1187 697 divinum
1218 652 1275 701 un-

102 742 174 788 meu
200 741 241 785 ex
261 720 473 786 mandatores
494 721 654 786 eiecerunt.
695 717 805 808 Populi
831 724 927 783 antem
948 722 1062 782 mentes
1083 722 1205 781 tenerae
1226 715 1275 783 bis

103 805 262 872 sententiis
287 806 432 888 imbutae,
464 827 529 871 cnm
555 805 651 895 ipsam
677 805 832 869 veritatem
858 824 919 866 non
944 807 1067 891 possent
1091 801 1276 891 perspicere,

104 889 144 956 ad
177 890 296 956 stultam
323 891 468 976 quandam
500 890 702 978 arrogantiam
729 896 800 953 sunt
831 886 962 968 delatae,
1001 894 1034 950 ut
1061 887 1093 950 in
1120 909 1154 952 se
1182 886 1275 953 ratio·

103 996 175 1041 nem
199 996 268 1040 esse
294 974 447 1058 dicerent,
481 975 515 1040 in
542 975 650 1040 mundo
677 979 834 1062 negarent
881 971 984 1057 leque
1010 971 1119 1037 lectum
1142 978 1205 1053 est,
1242 979 1275 1037 ut

104 1059 178 1126 deus
199 1081 284 1142 esse,
327 1081 448 1146 quornm
469 1061 589 1125 numine
609 1081 645 1124 ac
672 1059 783 1124 ditione
805 1079 880 1144 quae
904 1057 979 1123 fiant
999 1063 1144 1157 gerantur
1165 1057 1275 1140 omnia,

123 1144 155 1208 ui
181 1145 342 1210 observent
366 1152 397 1210 et
422 1146 592 1210 intueantur
617 1143 712 1230 qualis
734 1144 856 1230 quisque
877 1142 936 1224 sit,
969 1142 1038 1228 quud
1063 1149 1205 1228 sequatur
1226 1151 1277 1207 aut

102 1165 217 1316 lugiet,
249 1250 307 1316 qua
325 1237 423 1295 mente
444 1237 474 1294 et
492 1231 602 1319 pietate
621 1229 663 1294 sit
683 1229 828 1311 imbutus,
857 1233 1007 1316 negarent
1026 1229 1161 1316 penitus,
1190 1234 1277 1314 atque

104 1314 235 1379 omnium
261 1336 361 1379 rerum
387 1315 536 1380 dominum
570 1336 605 1380 ac
632 1314 846 1379 moderatorem
874 1334 943 1378 esse
971 1334 1073 1378 casum
1100 1336 1276 1402 persuasum

101 1397 258 1484 baberent.
300 1398 363 1465 Sed
383 1407 416 1464 ut
436 1401 566 1466 omnium
586 1420 686 1464 rerum
707 1400 781 1464 certi
796 1397 913 1484 quidam
934 1406 1004 1462 sunt
1024 1399 1112 1463 orbes
1135 1407 1167 1464 et
1186 1399 1276 1464 vicis·

103 1483 265 1568 sitrdines,
299 1491 332 1550 ut
352 1505 483 1571 quaeque
503 1506 554 1550 res
576 1485 729 1552 finitimam
751 1484 878 1570 aliquam
898 1482 953 1548 sed
974 1484 1152 1550 conbariam
1175 1485 1276 1567 habet,

101 1567 147 1634 ita
174 1568 262 1636 etiam
287 1569 320 1634 in
345 1571 435 1634 rebus
462 1570 572 1635 divinis
600 1570 706 1634 mirum
728 1569 881 1655 quemdam
902 1567 1053 1633 circuitum
1072 1570 1277 1635 commutatio·

101 1673 175 1719 anm
193 1654 471 1736 animadvertimus,
513 1654 557 1718 ita
581 1660 614 1717 ut
642 1674 757 1740 genera
784 1654 900 1751 penitus
930 1653 1010 1718 inter
1037 1675 1071 1718 se
1092 1655 1214 1720 diversa
1235 1676 1277 1720 cx

101 1744 427 1887 tiburtus&
448 1736 1279 1921 ttltttstttalttti{ttttbslt
1361 1818 1363 1823 ’

101 1905 396 1971 ouecamanimire‘
423 1903 520 1967 'onem
530 1903 728 1968 convertisse:
751 1909 837 1987 atque
846 1902 921 1966 haec
933 1902 990 1967 deo
1002 1904 1075 1968 vitia
1142 1907 1277 1990 vissima,

99 1988 382 2077 adversaqnidems
430 1988 565 2069 finitima,
580 1985 1027 2053 diuAtlseniensesvenvisse.
1102 1991 1277 2076 nimionim,

101 2074 279 2140 auctoritate
300 2072 568 2160 antiquissimorum
585 2093 740 2137 sacrorum
760 2078 878 2160 spreta,
902 2073 1064 2160 patriorum
1086 2075 1208 2140 deorum
1230 2099 1279 2142 re-

101 2158 219 2248 ligione
239 2159 407 2240 imminuta,
429 2157 540 2243 aliquid
560 2163 658 2222 tamen
678 2157 885 2243 requirebant,
910 2159 944 2222 in
965 2169 1023 2244 qno
1044 2161 1278 2245 acquiescerent,

103 2265 143 2309 ne
164 2264 278 2308 summa
298 2242 496 2309 sollicitudine
516 2248 602 2330 atque
629 2263 747 2392 angore
774 2243 968 2329 agitarentur.
1016 2243 1201 2311 Asciverunt
1220 2247 1280 2335 igi-

104 2335 154 2394 tnr
173 2327 362 2416 alienigenas
382 2328 569 2416 religiones,
599 2348 640 2392 ex
691 2327 738 2392 sia
757 2328 940 2415 potissimum
962 2334 993 2392 et
1013 2328 1166 2396 Thracia:
1202 2353 1279 2418 qnae

103 2412 269 2501 religiones
290 2414 427 2499 quoniam
448 2433 510 2477 non
530 2412 564 2476 in
583 2410 739 2499 multiplici
760 2412 904 2478 varietate
924 2412 1046 2478 deorum
1068 2417 1278 2500 versabantur,

102 2497 160 2563 sed
180 2497 219 2562 ad
239 2519 329 2563 unum
350 2497 469 2583 aliquod
488 2516 599 2561 numen
619 2497 800 2561 revocabant
819 2497 934 2578 omnia,
966 2498 1052 2563 selae
1069 2507 1212 2587 poterant
1231 2504 1278 2566 in-

103 2583 197 2670 genie
218 2583 405 2669 moribusque
425 2581 507 2650 illius
529 2580 598 2647 aevi
606 2581 736 2672 preat
763 2580 893 2655 Quarum
905 2580 1084 2669 religionum
1096 2584 1279 2651 variaesuut

102 2667 237 2769 species,
273 2673 304 2732 et
323 2674 358 2731 ut
376 2666 526 2758 plerisque
545 2666 649 2747 visum
664 2671 726 2748 est,
752 2666 869 2756 penitus
896 2665 975 2731 iuter
1005 2688 1039 2733 se
1062 2669 1215 2735 diversae:
1248 2681 1281 2736 st

103 2771 166 2817 usn
186 2757 217 2816 et
240 2758 378 2818 mamam
404 2773 505 2817 earum
531 2751 563 2817 si
584 2751 752 2818 accumtius
780 2750 989 2837 inquisivesis,
1016 2773 1124 2820 omnes
1150 2776 1192 2819 ex
1219 2776 1279 2821 uno

102 2835 834 2986 eodemqnelonterfftimmneseedemtendere
845 2836 989 2925 reperies.
1011 2836 1279 2907 Haecenimsum-

100 2942 155 2987 ms
175 2927 222 2986 est
242 2921 371 2987 omnium
392 2921 399 2935 ’
425 2943 508 2987 mum
526 2920 724 3009 religionem:
754 2925 866 2987 ΒΜ
886 2928 1280 2991 eseemmememo-

101 3007 289 3070 mian:
311 3012 459 3069 divinans
479 3008 594 3089 igitvr
607 3021 825 3072 etaemus
843 3029 920 3072 esse
938 3009 1129 3074 staurium.-
1143 3017 1280 3088 form

100 3103 218 3153 aeteus
238 3104 275 3153 et
288 3094 445 3172 figuras,
482 3114 625 3177 quaram
650 3097 717 3155 s'lla
741 3113 859 3171 sapae:
889 3100 939 3156 ss‘t
963 3116 1115 3176 quaeque
1141 3099 1184 3158 ab
1212 3102 1280 3160 ella

104 3181 274 3257 ers'gs‘nem
300 3181 441 3251 dueum,
466 3181 627 3241 umus
647 3199 721 3247 esse
742 3192 777 3241 et
795 3183 962 3241 caduca.-
995 3187 1090 3242 maes·
1112 3182 1226 3262 igitur
1245 3196 1283 3246 et

102 3266 266 3337 interire,
299 3267 426 3323 mutare·
448 3275 487 3324 et
509 3268 674 3325 commu:
703 3267 770 3324 'sed
794 3269 832 3326 tu
857 3262 922 3326 dee
941 3285 1074 3346 queque
1086 3268 1281 3340 somne·

99 3349 289 3423 multiplea·
307 3352 477 3408 verietate
496 3365 617 3410 mm
631 3353 745 3410 e‘ssesse
755 3352 921 3429 diotusius,
944 3371 968 3409 a
979 3370 1044 3429 qsse
1056 3354 1124 3412 illa
1141 3357 1280 3429 eispro-

96 3435 215 3508 taeur
238 3433 333 3493 mss
347 3432 435 3495 ente
445 3437 566 3506 emsa,
580 3451 858 3514 quaecunquae·
869 3453 906 3494 se
913 3442 1139 3512 manem,
1152 3457 1280 3501 essm
1356 3431 1362 3442 ’

101 3513 727 3594 meemredessdereetcmplects‘.
755 3513 1280 3604 Verunipsamheecveritatennon

102 3605 246 3688 poterant
265 3599 400 3664 homines
422 3599 496 3664 satis
512 3606 616 3664 mente
634 3607 668 3666 et
685 3599 803 3665 ratione
819 3601 959 3687 assequi,
990 3602 1145 3671 inchoatas
1164 3612 1279 3675 tantm

102 3704 163 3784 nec
181 3684 258 3784 satis
280 3684 441 3772 perpolitus
458 3684 625 3785 amantiss
646 3686 859 3786 preponebant,
879 3693 911 3752 et
925 3683 1066 3787 pleraque
1073 3689 1184 3789 plpcita
1205 3690 1280 3756 ima·

100 3767 968 3943 attatttttlttttcttttffitttttl
984 3772 1282 3926 titelheim

103 3936 139 4003 in
166 3939 304 4005 omnibus
332 3939 384 4004 »his
410 3938 622 4028 religionibus.
673 3940 827 4030 Principio
850 3940 910 4006 bae
933 3941 1102 4029 religiones
1129 3945 1281 4011 censenda

103 4021 200 4089 multa
227 4030 259 4089 et
285 4021 396 4088 eximia
417 4024 571 4090 bominum
597 4025 677 4090 vitae
700 4018 880 4091 attulerunt:
913 4026 1037 4115 propius
1059 4028 1138 4095 enim
1159 4029 1279 4096 accede·

106 4105 180 4171 bant
200 4107 239 4172 ad
258 4109 429 4189 veritatem,
453 4129 542 4193 quam
563 4117 681 4174 vetusta
700 4109 754 4174 illa
770 4117 805 4175 et
825 4110 958 4176 obseleta
979 4133 1081 4193 sacra,
1104 4112 1280 4199 mnusqm

108 4191 147 4289 pd
163 4191 298 4260 divinam
319 4192 494 4294 sapientiam
508 4192 728 4284 percipiendam
737 4194 1190 4286 imbuebnutmpraepmmt:
1212 4220 1280 4262 nam

109 4275 202 4363 riqui
223 4276 271 4343 bis
293 4297 387 4344 sacrm
401 4276 620 4364 initiatierant,
642 4299 704 4346 nun
724 4279 818 4348 solum
836 4287 998 4371 praecepta
1017 4288 1048 4346 et
1066 4282 1200 4346 rationes
1215 4300 1280 4347 cum
