2768 4770
328 234 387 308 DE
407 234 551 314 RELIQ-
570 234 760 308 COMOED-
777 237 886 319 ΑΤΤ,
906 237 1052 317 sarlo-
1208 241 1274 312 tot

101 404 168 472 elus
190 400 342 468 stultitiam
363 404 490 470 notavit:
518 404 577 470 iam
599 406 675 491 quud
696 402 825 488 teram
845 411 884 492 τῇ
904 402 989 474 πόλει
1010 407 1066 491 ait,
1086 404 1275 476 Philonidem

101 489 271 557 subindicat
291 490 379 553 etiam
401 489 509 554 adres
551 491 663 556 ublicas
684 492 932 557 administrandas
955 495 1127 559 accessisse.
1161 495 1274 583 Opibus

103 588 201 639 autem
229 580 259 638 et
279 573 390 638 divitiis
417 595 481 638 eum
509 512 689 657 abundaret,
718 584 749 640 et
775 578 969 665 parasitorum
996 598 1119 643 numero
1145 579 1274 643 maximo

102 660 160 724 luit
182 657 305 744 stipatus
328 667 448 723 atvero
470 661 673 725 meretricibus
714 660 848 726 lurimum
871 662 952 727 dedit
971 663 1122 751 pecuniae.
1143 663 1185 728 Et
1199 663 1275 728 Lai·

103 745 151 810 dis
173 743 290 828 quidem
311 763 411 807 amore
426 743 615 809 Philonidem
636 681 780 832 perditum
801 747 906 828 fuisse,
928 768 1003 833 quae
1023 747 1155 832 quamvis
1177 748 1277 815 defor-

102 850 179 894 mem
203 827 349 891 hominem
371 849 403 891 as
425 835 595 911 ornaretur,
627 850 698 893 auro
719 830 836 894 tandem
862 832 940 895 victa
968 838 1030 913 est,
1057 831 1276 921 Aristophanes

101 913 136 978 in
156 912 247 976 Pluto
267 934 297 976 v.
318 911 382 977 199
404 849 488 993 dicit,
509 914 560 977 ubi
579 914 721 1000 pecuniae
742 915 802 978 vim
824 914 915 980 Cario
937 915 1081 982 celebrat:

114 1048 117 1053 .
187 995 268 1085 Ἕρᾷ
288 995 322 1060 δι’
342 997 429 1072 Λαῒς
451 998 487 1061 οὐ
509 997 561 1061 διὰ
582 997 616 1062 σε’·
640 999 829 1080 Φιλωνίδους

101 1102 275 1168 quamquam
296 1080 345 1146 hic
365 1080 429 1168 ipse
450 1081 531 1146 locus
553 1104 600 1146 ma
644 1105 663 1147 a
683 1083 780 1170 aliqua
801 1082 974 1148 difficultate
994 1083 1126 1166 laborat,
1147 1080 1276 1169 quando-

103 1167 222 1254 quidem
239 1163 456 1253 Aristophanes
479 1167 515 1231 de
535 1167 596 1231 Lai
617 1189 634 1232 e
656 1173 792 1252 tanquam
813 1169 900 1250 viva,
920 1168 957 1232 de
978 1190 1013 1232 re
1033 1174 1169 1254 tanquam
1210 1188 1284 1233 τοο.

103 1259 191 1317 sente
217 1250 358 1350 loquitur:
385 1251 463 1335 atqui
483 1251 560 1315 Lais
582 1259 669 1334 tuno,
698 1275 762 1317 cum
790 1253 897 1317 iterum
917 1252 1135 1351 Aristophanes
1155 1189 1275 1317 Phtum

103 1337 236 1416 doceret,
256 1357 314 1399 ram
334 1335 391 1399 fuit
411 1343 539 1409 mortua:
562 1338 656 1400 sensit
675 1338 752 1401 hanc
773 1337 975 1403 difficultatem
997 1346 1084 1402 eham
1097 1336 1277 1418 Schohasta,

102 1421 192 1487 homo
214 1419 326 1501 doctus,
347 1419 396 1504 qui
416 1421 490 1484 baec
511 1420 674 1484 adnotavit:
710 1420 780 1486 Ὅτι
796 1418 1019 1507 Ἀριστοφάνης
1042 1419 1078 1486 οδ
1099 1420 1176 1506 λέγει
1196 1418 1278 1502 σύμ.

103 1530 196 1592 φωνα
223 1502 303 1568 κατά
323 1504 395 1579 τοὺς
419 1501 568 1588 χρόνους.
595 1508 756 1591 ληφθῆναι
775 1501 835 1591 γάρ
862 1531 957 1593 φησιν
978 1503 1075 1588 αὖτην
1102 1507 1135 1571 έν
1154 1507 1279 1569 Σικελία

104 1589 264 1670 πολιχνίου
295 1587 377 1663 τινὸς
402 1585 531 1664 ἁλόντος
556 1584 616 1652 aiud
642 1590 753 1654 Νικίου
785 1588 920 1665 ἑπτέτιν,
963 1589 1122 1673 ὠνηθῆναι
1155 1591 1190 1654 δὲ
1216 1569 1277 1655 διεδ

103 1673 280 1759 Κορινθίου
304 1671 387 1748 τινδς
413 1675 465 1737 καλ
490 1678 672 1758 πεμφθῆναι
698 1676 799 1758 δῶρον
822 1680 861 1760 τῇ
888 1676 1006 1757 γυναικί
1034 1677 1077 1750 εἷς
1102 1673 1277 1758 Κόρινθον·

101 1760 158 1824 ἵνα
187 1757 226 1841 δὴ
252 1758 301 1822 ea
327 1759 473 1844 Χαβρίου
507 1781 554 1832 τις
584 1763 684 1821 ταῦτα
710 1758 853 1842 γενέσθαι
879 1761 944 1846 δῷ,
988 1756 1037 1823 dcc
1065 1749 1099 1822 εδ
1126 1757 1279 1840 ἔπραττον

100 1843 264 1925 Ἀθηναῖοι
290 1843 323 1906 έν
343 1845 480 1932 Σικελίᾳ·
507 1841 571 1906 ἔστι
595 1842 628 1906 δέ
655 1838 697 1919 ὡς
718 1841 885 1918 Διοκλέους
913 1841 966 1926 δ’τη
987 1837 1037 1920 ιδ’,
1064 1840 1142 1906 ὥστε
1166 1840 1280 1926 ἄλογον

107 1919 164 1993 διά
192 1923 340 2008 ὀνόματος
375 1924 472 2009 αδτὴν
503 1927 654 2013 ἐπαίρειν·
697 1927 837 2013 ἐμφαίνει
869 1927 903 1991 δὲ
929 1928 980 1990 καὶ
1007 1923 1143 1991 Πλάτων
1172 1928 1205 1992 έν
1233 1931 1278 2014 τῷ

111 2013 241 2099 Φαίδρῳ
274 2012 374 2096 (recte
407 2011 581 2078 Meinekius
617 2007 743 2096 Φάωνι)
776 2007 1023 2098 ἑπτακαιδεκάτῳ
1061 2009 1119 2075 ίτει
1149 2008 1280 2095 ὕστερον

108 2095 285 2179 διδαχθέντι
307 2098 355 2160 tul
376 2096 544 2172 Διοκλέους
571 2097 700 2183 (librarii
726 2097 775 2162 bic
797 2104 843 2162 est
869 2118 971 2178 error,
998 2103 1078 2160 recte
1104 2096 1163 2160 iam
1184 2095 1279 2160 Hern-

107 2181 274 2250 sterhusius
298 2182 533 2257 Φιλοκλέους
553 2182 685 2270 scripsit)
707 2177 749 2259 ὡς
768 2179 877 2265 μηκέτι
899 2180 994 2264 αὐτῆς
1016 2176 1279 2262 obsurdabuntur

105 2265 212 2349 μέντοι
233 2268 284 2330 καί
311 2264 409 2348 αὐτῆς
436 2263 534 2349 ζάσης
563 2266 718 2352 λέγεσθαι.
759 2267 929 2332 Prudenter
953 2287 1027 2332 sane
1053 2265 1105 2331 ille
1131 2285 1279 2353 gramma·

106 2352 184 2417 licus
204 2351 349 2415 rationem
375 2352 524 2434 subducit,
550 2353 594 2416 ita
613 2359 646 2416 ut
666 2353 753 2417 etiam
774 2353 830 2432 iis,
856 2373 930 2436 quae
957 2350 1082 2415 aliorum
1102 2348 1279 2415 testimoniis

106 2457 171 2501 non
191 2436 410 2518 confirmantur,
430 2437 506 2501 fides
524 2437 565 2500 sit
584 2436 728 2502 habenda.
755 2435 883 2500 Laidem
897 2435 1056 2520 Hyctanis,
1076 2434 1181 2522 oppido
1202 2433 1280 2498 Sici·

108 2521 169 2587 liae
190 2519 344 2585 oriundam
365 2542 449 2602 esse,
469 2519 538 2584 inde
556 2520 638 2586 bello
658 2542 693 2583 ca
713 2528 771 2583 am
789 2525 823 2582 et
841 2517 1016 2584 Corinthum
1038 2518 1189 2583 abductam
1211 2539 1279 2583 esse

107 2605 284 2672 Athenaeus
306 2625 417 2690 quoque
437 2611 540 2669 narrat
559 2613 677 2669 auctore
689 2542 849 2670 lolemone
869 2603 953 2669 Xlll.
974 2601 1132 2689 posse:
1153 2604 1280 2677 Λαίδος

107 2713 143 2756 τε
164 2695 219 2773 τῆς
245 2690 278 2765 ἐξ
294 2685 467 2774 Ὑκκάρων,
494 2685 581 2766 πόλις
602 2688 632 2754 δ’
658 2686 736 2772 αότη
758 2683 916 2769 Σικελική,
944 2684 1004 2772 ἀφ’
1028 2675 1065 2768 ἧς
1085 2682 1280 2766 αἰχμάλωτος

108 2773 254 2860 γενομένη
276 2763 347 2855 ἧκεν
367 2777 409 2848 είς
430 2769 605 2859 Κόρινθον,
633 2770 676 2849 ὡς
695 2773 814 2859 ἱστορεῖ
828 2773 983 2854 Πολέμων
1002 2771 1035 2835 lu
1055 2775 1099 2857 τῷ
1120 2770 1197 2856 ἕκτῳ
1218 2775 1280 2835 τῶν
1351 2849 1352 2852 ¹

109 2858 190 2942 πρδς
212 2860 359 2940 Τίμαιον·
390 2849 429 2941 ἧς
455 2861 506 2923 καί
524 2858 718 2944 Ἀρίστιππος
743 2855 805 2943 ἤρα
832 2859 883 2921 καί
905 2855 1112 2938 Δημοσθένης
1138 2850 1155 2918 d
1177 2851 1279 2938 ῥήτωρ

109 2942 261 3027 Διογένης
291 2967 323 3006 τε
351 2939 368 3007 δ
398 2939 479 3007 κάων
518 2979 562 2995 -
604 2942 661 3024 οάχ
677 2939 844 3026 Ὑπερίδης
869 2940 1050 3022 μνημονεόει
1077 2941 1110 3004 έν
1134 2944 1180 3027 τῷ
1207 2936 1277 3002 κατ’

104 3023 328 3114 Ἀρισταγόρας
349 3028 496 3114 δευτέρῳς
517 3035 548 3093 et
567 3050 671 3092 rursus
692 3050 721 3116 p.
742 3026 807 3095 589
819 3025 860 3092 A.
882 3033 957 3089 teste
976 3024 1189 3112 Nymphodoro
1209 3044 1281 3087 usus

108 3111 332 3198 Νυμφόδωρος
353 3111 380 3176 δ’
404 3110 648 3198 ὃΣυρακοόσιος
669 3113 701 3177 έν
721 3118 766 3199 τῷ
786 3113 854 3195 περί
874 3116 936 3174 τῶν
956 3109 989 3173 du
1009 3109 1133 3197 Σικελίᾳ
1153 3111 1283 3187 θαυμα-

109 3196 246 3279 ζομένων
271 3199 303 3273 ἐξ
323 3194 478 3281 Ὑκκάρου
499 3201 576 3284 φησί
603 3200 762 3261 Σικελικοῦ
793 3196 943 3280 φρουρίου
977 3187 1052 3256 εἶναι
1078 3189 1135 3273 τὴν
1159 3193 1281 3256 Λαίδα.

109 3283 209 3350 Recte
239 3287 309 3347 vero
341 3282 393 3346 ille
412 3283 635 3431 2psammaticus
659 3281 785 3346 Laidem
813 3280 883 3344 dicit
913 3283 1026 3366 captam
1054 3297 1122 3341 esse
1149 3273 1283 3341 Chabria

110 3375 262 3456 praetore,
284 3366 401 3455 Olymp.
443 3365 495 3432 cl.
513 3370 545 3449 λ,
566 3368 622 3431 boc
643 3367 721 3430 enim
744 3384 822 3429 anno
842 3362 946 3428 Nicias
967 3361 998 3427 ll
1022 3382 1107 3425 ccara
1129 3380 1206 3424 exn
1251 3382 1283 3423 a·

110 3453 158 3518 rit
183 3451 352 3558 incolasque
374 3453 504 3541 captivos
527 3451 665 3533 abduxit,
691 3450 751 3557 vid.
772 3446 993 3552 'thucydides'
1016 3444 1120 3551 ¹¹2⁶²²
1161 3380 1283 3509 liubula

102 3541 333 3703 {batth
353 3527 1284 3703 tltlztlltttttcltltttvtgtttttaltttt‘lttt

110 3705 291 3854 πρρέδοσαν
314 3703 740 3855 Ἷὲδγεοταίνοιςέζψαρεγίρορτο
755 3701 843 3849 νγδιρΣ
857 3700 960 3847 αόλτρλν
985 3698 1097 3847 {poiche}
1124 3694 1225 3846 [dudm
1250 3696 1284 3846 {A

112 3815 276 3958 tutat}
296 3791 471 3957 tttttt
492 3809 979 3958 tltlttttfitatzttt
1001 3805 1149 3956 adath
1172 3805 1284 3942 αααξ

113 3961 150 4025 δὲ
171 3959 265 4034 sbdole
286 3960 318 4034 ἐξ
334 3954 493 4042 Ὑκκάρων
514 3961 562 4023 ἔπλ
579 3959 721 4044 Ἔγέστης
740 3950 958 4041 παραπλεόσας
978 3957 1043 4052 κτλ..
1082 3950 1167 4024 Quod
1188 3957 1284 4016 auten

114 4045 323 4134 grammaticus
350 4045 402 4110 ille
430 4052 600 4133 septennem
627 4045 698 4109 dicit
729 4043 824 4107 fuisse
849 4039 995 4119 Laidem,
1030 4035 1062 4101 rd
1088 4055 1153 4102 cum
1185 4041 1284 4134 cetera

113 4136 296 4218 congruant,
324 4150 383 4194 non
413 4130 516 4194 estin
544 4129 753 4194 dubitationem
780 4123 958 4190 vocandum:
987 4121 1045 4187 iam
1070 4126 1151 4186 recte
1178 4118 1285 4218 deinde

113 4215 322 4295 rauucmatur,
356 4212 586 4303 Aristophanem
615 4234 677 4278 non
707 4211 839 4301 putuisse
870 4208 904 4272 in
934 4206 1033 4297 priore
1059 4204 1149 4271 Pluto
1176 4202 1285 4269 Laus

113 4300 295 4366 mentionem
316 4299 432 4383 facere,
459 4320 523 4365 cum
543 4299 596 4364 illo
617 4304 763 4387 tempore,
788 4299 887 4383 utpote
907 4289 1006 4384 puella
1024 4288 1155 4357 nondum
1174 4286 1286 4370 adulta,
1316 4335 1317 4338 ,

1033 4389 1084 4472 aa
