2760 4792
107 215 169 279 172
491 207 895 277 COMMENTATIONES

106 379 237 460 είπαιμι,
258 375 387 454 τοάτους
405 372 563 462 Διαγόρου
583 381 701 457 μᾶλλον
721 381 919 458 πλημμελεῖν·
946 373 962 441 ὅ
982 377 1039 459 μέν
1059 378 1116 465 γάρ
1138 376 1266 457 έπαιξεν,

106 464 187 549 εἴπερ
215 462 277 548 άρα
298 460 393 528 τοῦθ’
417 459 514 538 οὕτως
538 462 633 526 ἐστίν.
660 461 728 525 ἀλλ’
754 461 809 525 οὐκ
835 457 1038 544 έπενήνεκται,
1066 460 1208 549 καθάπερ
1235 466 1268 529 έν

105 559 170 624 τοῖς
190 550 372 614 Μαντινέων
392 544 494 609 ἔθεσιν
508 543 713 630 Ἀριστόξενός
734 569 848 631 φησιν·
880 548 911 611 έν
932 548 966 610 δὲ
992 552 1030 633 τῇ
1057 545 1175 629 ποιήσει
1194 547 1265 614 κατ’

19 696 22 701 .
107 632 256 716 ἀλήθειάν
285 630 339 695 ὑπ’
368 630 464 694 αὐτοῦ
498 628 673 716 γεγράφθαι
708 641 772 706 τοῖς
798 628 878 706 ὅλοις
911 631 1000 695 οὐδέν
1036 629 1142 712 ἀσεβές
1173 632 1269 720 παρέ·

106 743 231 804 φαινεν,
274 715 345 780 ἀλλ’
378 718 458 780 ἐστὶν
490 714 638 801 εὔφημος,
669 711 711 791 ὡς
742 715 892 799 ποιητής,
934 719 976 791 είς
1016 716 1052 780 τὸ
1095 714 1268 797 δαιμόνιον,

102 799 247 911 μαθάπερ
276 798 354 864 άλλα
374 825 407 864 τε
426 810 581 886 μαρτυρεῖ
603 802 653 863 καὶ
682 799 718 864 τά
738 800 944 887 γεγραμμένον
971 803 1013 876 εἷς
1030 798 1197 889 Ἀριάνθην
1215 800 1269 869 τάν

102 893 250 974 Αργεΐον·

193 986 271 1062 Θεὸς
291 985 365 1061 θεὸς
385 981 444 1071 πρὸ
466 984 579 1060 παντὸς
600 982 689 1071 έργου
709 987 849 1073 βροτείου
871 990 958 1077 νωμᾷ
979 984 1062 1073 φρέν’
1084 981 1267 1073 άπερτάταν.

106 1091 156 1154 καλ
176 1087 212 1153 τὸ
234 1091 276 1164 εἷς
295 1085 476 1171 Νικάδωρον
495 1086 549 1152 τὸν
570 1089 750 1152 Μαντινέα·

189 1173 284 1238 Κατὰ
305 1175 436 1254 δαίμονα
456 1175 507 1235 καὶ
527 1168 623 1254 τάχαν
643 1172 682 1237 τά
702 1170 802 1237 πάντα
821 1178 977 1257 βροτοΐσιν
997 1173 1205 1238 έκτελεΐσθαι·

107 1275 173 1361 (cf.
194 1273 278 1340 Sext.
294 1274 406 1361 Empir.
428 1273 494 1338 adv.
514 1272 687 1338 Mathemat.
708 1274 761 1338 IX.
782 1277 834 1340 53.
876 1275 939 1339 Pro
955 1270 1121 1357 Ἀμένθην
1141 1274 1269 1339 fortusse

105 1357 315 1445 Ἐριάνθην
336 1358 520 1422 scribendum
543 1368 599 1440 est,
614 1358 787 1423 Erianthem
800 1357 963 1439 Boeotium,
982 1359 1139 1445 Lysandri
1159 1358 1269 1424 socium

107 1446 139 1509 in
159 1466 261 1593 ρορφα
282 1443 358 1531 apud
378 1442 482 1530 Aegos
503 1442 613 1507 flumen
633 1451 773 1507 memorat
795 1442 924 1507 Pausan.
945 1443 1073 1525 X.o,9.
1090 1443 1269 1509 Nicodornm

107 1551 179 1594 vero
237 1530 453 1608 antinoensem‚
480 1529 573 1591 virum
595 1528 705 1591 clarum
732 1536 761 1591 et
801 1528 969 1615 cpularibns
990 1529 1018 1593 Ιε
1042 1550 1090 1592 nm
1111 1535 1270 1611 auctorem,

107 1615 261 1701 Diagorae
287 1632 358 1676 vero
385 1613 507 1676 amicum
535 1620 739 1699 commemorat
797 1614 884 1677 elian.
905 1612 978 1681 Var.
1001 1550 1115 1677 [histor.
1140 1612 1181 1677 Π.
1202 1612 1269 1699 23.)

109 1698 159 1763 Τά
191 1693 390 1779 παραπλήσια
417 1695 447 1759 δ’
480 1695 563 1783 αὐτῷ
599 1698 724 1780 περιέχει
758 1699 808 1760 καλ
835 1695 871 1761 τὸ
898 1698 1081 1762 Μαντινέων
1108 1694 1268 1781 έγκάμιον·

111 1774 205 1847 Οὗτοι
227 1783 261 1846 δὲ
277 1781 369 1856 θεοὺς
390 1782 421 1845 έν
440 1790 506 1856 τοῖς
527 1779 760 1866 συγγράμμασιν
780 1779 1012 1863 ἐπονομάζοντες
1033 1778 1166 1867 ἀνῄρουν
1186 1784 1270 1863 έξερ-

106 1873 256 1953 γαστικῶς
276 1875 340 1942 τοῖς
360 1863 537 1949 πράγμασιν
558 1870 607 1930 καλ
629 1866 706 1948 μετά
727 1869 876 1948 σπουδῆς,
898 1868 1166 1952 ἀνελευθερώτεροι
1185 1864 1270 1951 γενά-

107 1978 192 2034 μενοι
232 1953 387 2015 Φιλίππου
419 1954 471 2014 καί
502 1957 564 2014 τῶν
597 1950 696 2013 ἄλλων
728 1948 832 2025 άπλῶς
863 1951 899 2014 τὸ
934 1958 1020 2015 θεῖον
1053 1950 1269 2037 άναιροάντων.

107 2038 185 2103 Illud
207 2058 279 2101 vero
300 2035 502 2101 Athenienses
530 2037 560 2099 ei
580 2036 695 2099 crimini
716 2035 877 2114 dederunt,
905 2036 980 2119 qnod
1007 2037 1149 2124 mysterio
1173 2036 1269 2101 divul-

108 2129 220 2211 gasset,
242 2122 301 2186 vid.
322 2119 480 2185 Scholiast.
501 2117 654 2207 Aristoph.
670 2118 749 2182 Avv.
773 2140 799 2181 v.
821 2119 919 2182 1073:
944 2125 1053 2184 Ταῦτα
1075 2124 1108 2185 ἐκ
1128 2126 1185 2185 τοῦ
1204 2140 1270 2205 ψη-

108 2212 263 2294 φίσματος
289 2205 425 2288 εἰληφεν·
469 2202 566 2278 οὕτως
598 2201 656 2286 γάρ
683 2201 846 2287 ἐκήρυξαν,
877 2202 932 2266 τὸν
961 2205 1017 2283 μέν
1051 2206 1270 2279 ἀποκτείναντα

108 2292 202 2356 αὐτὸν
221 2291 371 2355 τάλαντον
397 2287 578 2368 λαμβάνειν,
611 2286 665 2350 τὸν
686 2286 720 2349 δὲ
740 2284 905 2375 ἀγαγόντα·
924 2286 991 2352 δάο.
1030 2288 1208 2375 Ἕκηράχθη
1235 2290 1271 2357 δέ

107 2384 200 2442 τοῦτο
228 2374 280 2439 διά
305 2373 341 2438 τὸ
372 2373 478 2454 ἀσεβές
505 2371 614 2447 αὐτοῦ,
645 2371 747 2452 ἐπειδὴ
774 2372 813 2434 τὰ
840 2369 994 2458 μυστήρια
1020 2381 1113 2438 πᾶσιν
1138 2380 1269 2460 διηγεῖτο

109 2467 288 2526 καινοποιῶν
310 2457 389 2523 αὐτὰ
409 2460 459 2521 καὶ
486 2455 557 2533 τοὺς
577 2457 783 2536 βουλομένους
802 2463 949 2537 μυεῖσθαι
975 2457 1169 2541 ἀποτρέπων,
1212 2486 1270 2525 κα-

108 2544 210 2630 θάπερ
233 2544 392 2631 Κρατερὸς
413 2543 533 2626 ἱστορεῖ.
576 2541 663 2606 Adde
684 2542 770 2605 etiam
791 2542 919 2629 Lysiam
939 2543 972 2607 in
992 2543 1137 2611 Andocid.
1180 2546 1270 2611 .2⁰9

108 2634 155 2698 ed.
177 2633 315 2697 Bekker:
340 2625 488 2713 Τοσοάτῳ
512 2626 542 2689 δ’
569 2617 656 2701 οὗτος
668 2623 825 2711 Διαγόρου
847 2633 902 2691 τοῦ
923 2630 1051 2712 Μηλίου
1072 2566 1270 2716 άσεβάττερος

107 2716 277 2802 γεγένηται·
302 2716 412 2788 έκεῖνος
430 2713 486 2793 μέν
506 2710 564 2796 γάρ
586 2706 666 2797 λόγῳ
687 2714 753 2796 περὶ
774 2710 814 2775 τοὶ
836 2710 981 2799 ἀλλότρια
1002 2713 1139 2797 ἱεράκαὶ
1161 2714 1271 2800 ἑορτάς

106 2802 225 2884 ἠσέβει,
257 2789 346 2874 οὗτος
375 2799 409 2861 δέ
434 2796 511 2882 έργῳ
537 2798 604 2881 περὶ
631 2795 669 2859 τά
695 2797 727 2859 έν
753 2801 791 2882 τῇ
818 2793 914 2861 αὑτοῦ
943 2795 1146 2883 πάλειρΗου
1172 2808 1270 2867 nutem

106 2888 228 2964 crimen,
250 2904 305 2967 quo
327 2881 559 2948 Atheniensibus
586 2882 672 2945 etiam
700 2888 776 2963 tum,
802 2904 865 2947 cum
896 2884 1036 2948 sanctitas
1062 2885 1269 2972 mysteriorum

105 2972 273 3046 imminuta,
306 2974 335 3031 et
360 2968 435 3032 nihil
461 2968 524 3032 fere
551 2967 610 3030 nisi
636 2967 735 3030 inanis
761 2988 776 3031 s
798 2969 875 3031 ecies
902 2969 967 3032 sine
989 2991 1022 3032 re
1051 2978 1132 3034 esset
1155 2970 1270 3051 relicta,

106 3056 181 3120 nihil
211 3053 366 3117 videbatur
393 3052 531 3141 gravius,
563 3050 639 3114 nihil
664 2987 884 3135 detestehilins,
913 3054 945 3116 in
971 3052 1137 3142 Diagoram
1163 3054 1269 3121 cadere

106 3143 170 3231 ipse
191 3137 407 3226 Aristophanes
429 3138 516 3201 etiam
537 3136 569 3199 in
589 3135 686 3199 Ronis
714 3136 824 3201 indicat
843 3160 872 3201 v.
893 3137 974 3202 318:

192 3238 289 3304 Τοῦτ’
314 3237 377 3303 ἴστ’
401 3236 495 3314 ἐκεῖν’,
517 3228 542 3301 ὦ
563 3234 708 3301 δέσποθ’·
731 3237 759 3301 οἷ
778 3236 966 3320 μεμυημένοι

186 3322 343 3390 'Emathi
364 3348 424 3388 που
445 3322 615 3400 παίζουσιν,
644 3318 696 3396 οὓς
717 3319 828 3408 έφραζε
849 3327 924 3409 νῷν·

182 3409 320 3478 ’Άιδουσι
341 3414 415 3494 γοῦν
435 3406 489 3472 τὸν
508 3404 629 3488 Ἴακχον
650 3404 739 3493 ὅνπερ
758 3403 925 3494 Διαγόρας.

108 3517 158 3583 uhi
177 3520 257 3580 recte
278 3510 466 3577 scholiastes
502 3510 619 3572 Μελῶν
640 3506 767 3591 ποιητὴς
788 3506 897 3587 άθεος,
925 3504 959 3585 ὃς
979 3512 1031 3574 καλ
1052 3508 1141 3574 καινά
1162 3506 1270 3594 δαιμά·

107 3628 156 3667 νια
183 3602 343 3680 εἲοηγεῖτο·
387 3596 436 3657 καλ
466 3587 482 3656 ὃ
507 3593 563 3672 μέν
584 3591 782 3678 Ἀρίσταρχος
807 3590 966 3678 Διαγόρου
993 3600 1048 3658 νῦν
1072 3593 1270 3679 μνημονεάειν

108 3685 194 3773 φησί,
216 3681 289 3757 τοὺς
309 3677 402 3753 θεοὺς
424 3676 482 3758 οὐχ
502 3673 544 3752 ὡς
565 3674 693 3764 ᾄδοντος
709 3675 815 3757 oritoni,
838 3678 902 3741 ἀλλ’
927 3680 958 3743 έν
979 3680 1112 3768 είρωνείρι
1133 3682 1270 3763 κειμένου

107 3777 162 3835 τοῦ
184 3767 275 3852 λόγου
302 3764 367 3827 ἀντὶ
388 3767 444 3827 τοῦ
464 3758 676 3843 χλευάζοντος,
704 3764 940 3846 έξορχουμένον·
970 3762 1107 3828 ἀνακινεῖ
1123 3756 1179 3829 οὖν
1197 3764 1270 3844 τοιλς

103 3854 287 3937 Ἀθηναίους
313 3845 330 3913 ὅ
358 3844 505 3929 κωμικός·
540 3844 613 3922 ὅθεν
644 3849 694 3911 καλ
718 3846 878 3929 Ἀθηναῖοι
909 3845 950 3924 ὡς
972 3846 1171 3932 χλευάζοντος
1197 3850 1270 3927 τονλς

107 3942 201 4014 θεοὺς
227 3932 488 4018 κατεψηφισμένοι
516 3929 702 4013 άνεκάρυξαν
743 3939 787 4020 τῷ
813 3933 870 4014 μέν
902 3931 1096 4019 εἰναιρῆσοντι
1122 3933 1269 4021 ἀργυρίου

107 4022 270 4097 τάλαντον,
292 4025 334 4083 τ’
358 4019 391 4082 δέ
412 4019 509 4095 ζῶντα
522 4018 679 4098 κομίσαντι
702 4012 772 4080 oto·
795 4016 918 4081 έπειθον
938 4020 972 4082 δέ
992 4021 1042 4081 καλ
1064 4018 1134 4094 τοιλς
1156 4018 1269 4098 ἄλλους

108 4113 372 4187 Πελοποννησιους
398 4098 439 4177 ὡς
465 4102 582 4185 ἱστορεῖ
598 4101 757 4187 Καρτερὸς
784 4104 816 4166 έν
836 4108 874 4188 τῇ
901 4109 1059 4188 συναγωγῇ
1084 4107 1145 4167 τῶν
1165 4122 1215 4188 ψη
1241 4132 1269 4169 ι-

109 4192 243 4275 σμάτων.
285 4189 362 4254 Eum
387 4209 465 4251 nova
483 4185 632 4335 φρασάτω
654 4187 774 4252 numina
799 4187 954 4253 induxisse
975 4188 1046 4253 dicit
1066 4190 1154 4255 etiam
1175 4131 1268 4257 Schu-

108 4281 194 4346 iiasta
202 4278 376 4342 Ravennae:
399 4271 483 4356 Amy
501 4294 558 4355 ρας
577 4275 677 4350 μελῶν
697 4268 824 4354 ποιητάς
838 4269 944 4357 άθεος,
966 4269 1000 4349 ὃς
1020 4272 1110 4338 καινὰ
1123 4274 1268 4355 δαιμόνια
