2768 4770
323 189 384 275 DE
406 205 551 284 RELIQ·
571 204 1051 284 comouo.ATT.ANT1tt.
1204 212 1280 282 301

114 374 169 443 Ad
180 374 266 442 banc
285 375 365 443 enim
384 377 579 458 meretricem,
598 374 646 441 cui
663 374 885 465 Glycaopinor
903 376 961 441 fuit
980 396 1098 459 nomeu,
1118 375 1177 444 iam
1198 400 1283 445 accc·

114 461 160 527 dit
181 461 240 525 alia
263 460 373 544 visum,
393 462 521 526 sortasse
543 459 694 526 Corianno
714 461 782 544 illa,
804 483 823 526 a
843 481 900 546 qua
920 482 1027 526 nomen
1049 463 1160 551 accepit
1180 463 1282 531 sabula

115 545 192 631 (vid.
200 544 375 611 Athenaeus
394 545 480 612 XIII.
500 546 604 634 psat
617 544 668 630 C.)
691 566 765 632 quae
785 547 896 635 vinum,
916 546 993 631 quod
1014 568 1032 611 a
1051 568 1144 634 puero
1157 548 1281 636 ,Glycae

113 636 285 729 acceperat,
312 653 331 695 a
357 652 414 780 oppa
439 631 526 719 plane
553 630 674 695 dilutum
700 652 768 696 esse
795 633 995 717 conqueritur:
1022 637 1082 696 tum
1109 632 1202 720 igitur
1226 633 1281 701 illa

113 720 250 804 graviter
270 736 363 803 expro
383 722 430 780 rat
450 736 537 780 servo
557 713 783 802 negligentiam,
804 716 887 802 quod.
900 737 962 780 non
983 716 1055 781 satis
1077 724 1158 782 recte
1176 717 1279 784 vinum

111 801 332 889 temperaverit.
372 801 568 864 Pherecrates
600 808 696 865 autem
729 801 762 864 in
792 801 848 882 bac
880 801 1030 866 comoedia
1061 807 1108 865 ut>
1125 802 1213 867 etiam
1245 803 1279 868 in

114 885 233 966 ceteris,
253 906 271 949 o
292 906 373 948 eram
394 885 521 950 maxime
538 883 621 950 'dedit
640 891 673 950 ut
692 905 789 951 mores
811 892 841 950 et
860 885 984 973 ingenia
1004 886 1153 952 hominum
1169 887 1279 952 vividis
1350 915 1355 926 ¹

105 907 457 1035 'columbusdescriberet
477 989 633 1054 omnesque
654 970 816 1037 animorum
836 981 943 1053 motus,
965 991 1036 1056 quos
1048 971 1278 1038 oaturahomiui

111 1054 227 1135 minuit,
249 1061 383 1119 accurato
397 1060 643 1143 repraesentaret.

199 1137 250 1203 Ex
262 1138 442 1226 ,Crapatalis
456 1160 517 1203 non
535 1139 721 1205 invenustum
741 1139 940 1228 fragmentum
960 1139 1092 1204 servavit
1101 1140 1285 1207 Athenaeus·
1310 1200 1314 1206 .

105 1221 168 1290 XI·
188 1221 292 1312 p-d85
313 1223 358 1287 D:
374 1223 517 1308 Ἀμερίας
536 1223 572 1287 δέ
590 1249 668 1333 φησι
688 1223 744 1307 τὴν
765 1222 905 1306 οἰνοχόην
925 1223 1075 1306 λεπαστὴν
1096 1229 1275 1290 καλεῖσθαι·

103 1304 332 1394 Ἀριστοφάνης
352 1309 386 1372 δὲ
405 1311 456 1372 καὶ
472 1308 701 1394 Ἀκολλοδοιρος
721 1308 807 1393 γένος
827 1308 901 1374 εἶναι
921 1304 1058 1385 κάλικος·
1083 1309 1276 1394 Φερεκράτης

110 1389 350 1478 Κραπατάλοις·
385 1399 458 1458 Τῶν
482 1398 602 1459 θεατῶν
629 1395 660 1458 δ’
685 1391 768 1471 ὅστις
795 1397 888 1480 διψῇ,
920 1392 1072 1477 λεπαστὴν
1097 1391 1277 1476 λαψάμενος

109 1477 226 1561 μεστὴν
247 1480 475 1563 ἐκχαρυβδίσαι.
518 1478 598 1553 Quae
619 1478 712 1544 variis
732 1479 827 1545 modis
844 1479 884 1545 ‘ab
906 1477 1072 1546 bominibus
1093 1479 1187 1548 doctis
1207 1488 1277 1547 ten-

110 1568 175 1628 tata
195 1562 238 1628 sic
259 1563 387 1628 arbitror
413 1563 621 1629 conformanda
642 1586 724 1629 esse:

199 1653 272 1712 Τῶν
292 1652 414 1712 θεατῶν
435 1647 482 1726 δ’,
505 1643 651 1712 οἷστισι
668 1644 749 1730 disp?

188 1723 264 1810 Ἧι,
285 1731 437 1815 λεπαστὴν
458 1732 696 1814 λαψαμίνοις

195 1816 325 1900 Μεστην
345 1818 572 1900 ἐκχαρυβδίσαι.

108 1900 174 1966 Iam
200 1923 272 1967 vero
300 1910 330 1967 et
354 1902 518 1967 infinitivus
548 1902 599 1966 ille
631 1895 847 1984 ἐκχαρυβδίσαι
878 1901 909 1962 et
935 1898 1051 1965 dativus
1081 1900 1274 1983 λυηναμίνσις

107 1986 240 2089 pendent
260 2010 278 2053 a
298 1989 405 2070 verbo,
426 1988 501 2073 quod
523 2007 554 2051 co
579 1986 696 2051 'tatione
716 1982 881 2048 addendum
901 1991 963 2066 est,
984 1985 1077 2068 λίχιυι
1099 1984 1173 2051 haec
1194 1988 1274 2054 enirn

106 2072 263 2158 rungeuda
288 2080 360 2174 puto
382 2095 447 2138 curn
474 2072 531 2137 aiio
582 2071 717 2160 agmento
743 2067 876 2136 eiusdem
895 2069 1030 2154 fabulae,
1059 2070 1136 2159 qnod
1160 2070 1274 2160 legitor

107 2157 188 2248 opud
207 2156 347 2222 Phctrum
358 2179 395 2307 p.
416 2157 490 2240 647,
512 2159 554 2225 22
574 2158 650 2222 bunc
669 2154 703 2221 in
722 2152 853 2223 nodum:

194 2278 239 2293 -
261 2246 336 2318 Τοῖς
377 2242 528 2328 ἐκριταῖς

104 2398 109 2411 ¹
197 2331 274 2405 Τοΐς
294 2330 357 2392 νυνὶ
373 2328 508 2411 κρίνουσι
527 2326 612 2435 λίην),

193 2411 255 2495 Μὴ
280 2409 423 2498 ’πιοριιεῒν
452 2410 530 2496 μηδ’
551 2411 663 2486 αδικῶς

193 2497 334 2581 Κρίνειν,
355 2496 375 2581 ἢ
397 2497 433 2581 νὴ
455 2496 509 2561 τὸν
530 2495 636 2558 Φίλιον

108 2640 112 2647 ,
193 2584 316 2647 Μῦθον
334 2585 379 2659 είς
397 2579 480 2664 ὑμᾶς
499 2579 597 2662 ἕτερον

104 2716 110 2724 .
196 2664 390 2753 Φερεκράτης
410 2665 486 2745 λίξει
502 2661 581 2728 πολὺ
601 2656 681 2728 sod-

192 2774 250 2815 τυυ
269 2753 526 2839 κακηγορίστιρυν.

103 2884 110 2893 .
195 2839 269 2901 Τῶν
288 2842 410 2902 θεατῶν
431 2835 471 2912 δ’,
493 2826 604 2899 οἷστισι
625 2829 696 2917 did?

128 2953 133 2963 ·
185 2909 254 2999 Ἧι,
276 2921 428 3006 λεπαστὴν
447 2918 636 3001 δαψαμίνοις

193 3006 323 3090 Μεστὴν
343 3005 567 3095 ίκχαριιβδίσοι.

104 3085 188 3156 Sunt
214 3098 311 3157 autem
335 3093 411 3157 haec
431 3111 471 3155 ex
500 3110 537 3154 ea
566 3092 651 3177 parte
677 3085 831 3176 parabasis
852 3086 965 3187 petita,
1006 3106 1082 3172 qnae
1109 3084 1269 3171 vocabatur

103 3173 227 3260 μακρὸν
248 3177 312 3260 sive
333 3187 446 3262 πνῖγος,
467 3193 703 3279 praegressatpue
745 3173 893 3254 arabasrs,
915 3192 989 3257 quae
1008 3171 1128 3259 proprio
1149 3172 1270 3259 nominc

105 3258 152 3324 sic
174 3261 352 3351 appellatur,
392 3259 505 3325 videtur
531 3264 624 3323 metro
644 3193 809 3345 loupdideo
830 3255 996 3344 conscripta
1019 3256 1129 3320 fuisse:
1171 3277 1270 3357 neque

105 3344 186 3410 euim
214 3347 435 3413 existimandum
463 3349 511 3409 est
536 3364 588 3408 aas
614 3343 791 3432 parabases,
833 3362 908 3428 quae
933 3341 991 3405 isto
1012 3360 1136 3408 numero
1154 3340 1270 3410 fnermt

105 3449 170 3494 com
191 3431 302 3514 ositae,
337 3450 431 3497 macro
463 3450 579 3518 semper
605 3434 634 3493 et
661 3427 795 3514 exlege
823 3426 947 3510 quadam
974 3425 1121 3490 caruisse:
1164 3447 1271 3507 verum
1352 3424 1364 3449 ¹

103 3448 190 3580 illud
201 3516 395 3582 observabant
415 3514 642 3602 comicijpoetae
662 3511 904 3599 diligentissime,
933 3517 979 3592 ut,
1000 3511 1138 3597 quoniam
1158 3517 1271 3578 utrum·

104 3618 164 3687 que
185 3621 302 3666 carmen
322 3599 484 3666 arctissimo
502 3597 619 3666 vinculo
641 3598 842 3674 cohaererent,
863 3594 929 3696 pari
950 3602 1001 3660 aut
1021 3601 1113 3662 certe·
1122 3597 1269 3664 consimili
1316 3669 1320 3678 ,

104 3703 229 3750 numero
250 3686 451 3764 decurrerent3
493 3705 622 3750 macrum
643 3688 757 3765 tamen,
785 3702 921 3768 quomam
948 3701 1008 3760 nno
1033 3687 1137 3747 tenore
1168 3689 1199 3746 et
1219 3705 1269 3748 ce·

103 3766 226 3834 Ierrimo
246 3772 307 3836 oris
334 3770 414 3835 biatu
440 3777 505 3833 erat
523 3766 787 3858 pronuntiandum,
815 3768 942 3831 minutos
965 3785 1105 3830 versuum
1126 3766 1268 3835 articulus

103 3854 289 3940 requirebat:
329 3855 428 3940 itaque
459 3855 509 3921 ubi
539 3852 696 3955 parabasis
729 3852 897 3939 anapaestis
929 3852 1108 3916 tetrametris
1140 3859 1267 3939 constat,

105 3937 223 4011 dimetri
242 3940 471 4026 subiunguntur3
499 3940 551 4004 ubr
569 3936 727 4087 Eupobdei
747 3937 863 4001 numeri
882 3936 1057 4025 praegressi
1077 3942 1161 4020 sunt,
1188 3959 1268 4004 com·

103 4024 191 4090 mode
221 4026 435 4110 subsequuntur
465 4045 571 4090 versus
596 4023 624 4086 P
646 4022 804 4104 erecratei,
832 4021 894 4086 illis
926 4021 1062 4110 cognati:
1104 4021 1161 4085 boc
1188 4023 1268 4093 euim

103 4110 224 4176 nomine
241 4109 322 4174 lubet
342 4111 584 4175 huncnumerum
594 4130 630 4196 ap
650 4107 742 4172 ellare
757 4127 839 4172 more
852 4111 984 4172 veterum
997 4106 1268 4195 grammaticorum,
1316 4130 1319 4135 ·

103 4216 170 4260 cnm
189 4195 385 4262 Pherecrates
409 4196 591 4296 potissimum
621 4130 871 4278 dequestaverit:
898 4197 945 4258 est
969 4198 1066 4258 autem
1090 4190 1140 4258 bic
1159 4213 1267 4261 versus

102 4279 181 4348 nibil
200 4279 278 4347 aliud
298 4279 358 4345 nisi
375 4301 458 4370 pnor
478 4300 548 4370 pars
570 4298 673 4347 versos
693 4276 865 4369 Eupolideia
1243 4303 1244 4306 ¹
