2760 4792
165 226 229 291 226
547 212 949 286 COMMENTATIONES

166 400 261 455 etex
287 382 477 533 Tbeopnidis
504 382 622 473 Elegiis
649 393 718 450 sunt
742 374 846 475 petiti,
875 385 936 451 vid.
959 382 1069 449 Athen.
1094 379 1218 447 ibidems
1259 382 1332 445 Νῦν

166 475 200 537 δὲ
219 469 336 537 τοότων
355 498 378 552 μ
395 496 412 531 ν
433 467 500 533 οὐδ’
528 466 604 546 ὑλως
623 471 810 552 μέμνηνται,
838 468 877 533 τὰ
900 471 933 534 δὲ
959 467 1028 550 ἑξῆς
1049 464 1152 531 αὑτῶν
1171 462 1326 547 έκμανθό·

165 583 283 636 νουσιν,
315 552 392 637 άπερ
420 550 520 618 πάντα
547 554 581 617 έκ
606 560 668 619 τῶν
694 558 736 631 είς
758 552 902 619 Ἡσίοδον
929 550 1165 638 ἀναφερομένων
1189 544 1333 636 μεγάλων

162 643 274 708 Ἠοίων
294 642 345 704 καλ
359 638 477 722 Ἔργων
497 636 694 748 πιιρῴδηται·

243 725 352 806 Ἡμῶν
373 722 405 787 δ’
431 721 467 791 ὑόν
488 747 555 787 τινα
576 747 623 800 τις
643 721 757 809 καλέσῃ
777 718 866 787 θόων
886 723 934 787 ἐπί
957 722 1086 799 δεῖπνον,

242 806 415 890 Ἀχθόμεθ’
439 806 477 890 ἢν
497 807 576 892 ἔλθῃ
598 811 648 872 καλ
670 804 881 889 ὑποβλέπομεν
902 800 1063 891 παρεόντα,

249 893 355 958 Χῶττι
376 889 505 973 τάχιστα
526 891 629 978 θόρας
650 893 782 969 ἐξελθεῖν
801 888 975 972 βουλόμεθ’
999 886 1103 955 αὑτόν.
1211 910 1216 919 ·

251 976 331 1042 Eira
354 975 444 1061 γνοὺς
462 1002 527 1053 πως
547 976 645 1041 ταῦθ’
668 974 835 1055 ὑποδεῖται,
857 970 936 1065 κᾷτά
956 1000 1003 1052 τις
1023 971 1103 1039 εἶπεν

250 1068 324 1127 Τῶν
344 1059 567 1141 ξυμπινόντων·
590 1060 672 1144 Ἧδη
694 1061 754 1141 σός
781 1063 813 1124 τί
832 1061 889 1142 οὑχ
909 1058 1079 1141 ὑποπίνεις,·

252 1147 320 1229 Οὐχ
340 1144 501 1221 ὑπολύσεις
521 1142 652 1227 σαοτόνς
675 1144 690 1208 ὑ
713 1146 745 1208 δ’
770 1144 899 1227 ἄχθεται
922 1144 1015 1221 αὑτὸς
1037 1141 1053 1208 ὑ
1074 1138 1164 1207 θόων
1280 1188 1285 1193 -

250 1237 306 1296 T·
326 1228 551 1297 κατακωλύοντι
573 1233 623 1293 καὶ
636 1229 741 1306 εὐθὺς
761 1228 836 1306 ‘dieb'
861 1232 987 1312 ἐλεγεῖα·

248 1257 382 1398 edittae
402 1313 476 1397 μήτ’
501 1301 630 1379 άίκοντα
650 1316 750 1397 μεἰειν
770 1314 915 1400 κατέρυκε
936 1315 1012 1400 παρ’
1036 1308 1118 1395 cloia,

248 1397 342 1482 Mnt'
367 1396 484 1463 εὑδοντ’
510 1400 657 1482 ἐπέγειρε,
676 1401 845 1481 Σιμωνίδη.
886 1398 932 1463 Oai
954 1400 1012 1482 γὰρ
1034 1396 1085 1462 ἔπ’
1109 1396 1202 1472 οἴνοις

251 1486 379 1548 Τοιαυτλ
401 1482 525 1567 λέγομεν
545 1485 739 1562 δειπνίζοντες
761 1486 852 1566 φίλον
870 1482 986 1568 ἄνδρας

156 1566 227 1633 1’Ἑτι
248 1567 283 1632 δέ
303 1570 353 1631 καλ
375 1574 473 1632 ταῦτα
494 1572 715 1653 προστίθεμεν·

248 1653 344 1734 Μηδὲ
365 1654 540 1729 πολυξείνου
562 1653 666 1729 δαιτὸς
688 1651 901 1739 δυσπέμφελον
922 1648 995 1717 εἶναι

244 1734 297 1800 Ἐκ
318 1743 436 1801 κοινοῦ·
465 1739 596 1819 πλείστηΙ
610 1762 642 1803 τε
661 1735 752 1820 χάρις
773 1735 893 1820 δαπάνη
914 1736 944 1800 τ’
969 1736 1113 1818 ὀλιγίστη.

164 1819 303 1888 Ceterum
325 1821 450 1886 Hesiodi
471 1823 652 1911 potissimum
675 1823 840 1911 exemplum
862 1829 979 1887 secutus
1001 1819 1116 1886 videbar
1136 1816 1232 1885 Solon
1250 1816 1324 1883 idem

162 1927 270 1971 nomen
290 1907 352 1972 suis
374 1907 551 1972 carminibus
573 1908 732 1988 indidisse,
753 1907 812 1972 vid.
831 1907 923 1995 Diog.
940 1907 1046 1971 Laert.
1066 1904 1091 1971 l.
1106 1904 1163 1969 61:
1185 1904 1219 1967 Γ
1215 1900 1267 2009 έγρ

162 1992 197 2054 δι’
225 1991 319 2070 δῆλον
337 1991 394 2071 μὲν
425 1989 470 2054 ότι
491 1992 564 2066 τοὺς
588 1989 702 2066 νόμους
727 1994 776 2054 καλ
805 1993 994 2074 δημηγορίας
1020 1990 1122 2053 τεκαὶ
1150 1990 1194 2065 είς
1211 2010 1293 2057 Ιεαυτ

161 2071 325 2156 ὑποθήκας
346 2076 473 2156 ἐλεγεῖα,
500 2076 549 2139 ubi
576 2075 705 2139 fortasse
731 2075 808 2139 corri
833 2076 939 2141 endum
960 2084 1006 2139 est
1033 2071 1077 2138 δι’
1100 2072 1239 2156 ἐλεγείας.
1267 2070 1325 2137 vid.

140 2158 359 2237 'Scholiastam
386 2158 522 2223 Platonis
551 2180 580 2246 p.
603 2162 666 2225 193
692 2166 722 2223 et
747 2096 868 2223 suidam
896 2161 938 2226 Τ.
958 2159 1014 2225 lll.
1034 2182 1064 2249 p.
1085 2156 1158 2224 aba.
1200 2154 1324 2223 Hesiod

162 2243 289 2308 maxime
310 2249 340 2306 et
361 2240 481 2305 Solonis
507 2242 638 2307 carmina
664 2243 847 2308 intellexisse
868 2242 985 2309 videtur
1006 2245 1153 2310 Isocrates
1179 2240 1219 2307 ud
1237 2242 1325 2307 rum

162 2327 237 2390 clem
259 2328 292 2391 1:
327 2323 416 2408 Πρός
437 2326 471 2389 δέ
495 2324 615 2401 τούτοις
641 2329 720 2402 τινὲς
745 2331 796 2391 καλ
822 2333 883 2391 τῶν
905 2335 1039 2408 ποιητῶν
1066 2334 1126 2391 τῶν
1146 2342 1325 2435 προγεγενηὲ

160 2410 261 2488 μένων
285 2404 450 2492 ὑποθήκας
480 2406 523 2486 ῶς
547 2410 607 2494 χρὴ
637 2414 691 2493 ζῆν
718 2413 971 2479 καταλελοίπασιν
977 2441 994 2487 ,⁴
1020 2408 1095 2479 ὥστ’
1123 2413 1156 2487 έξ
1183 2406 1326 2477 ὑπαντῶν

161 2490 278 2559 τοότων
299 2493 379 2572 είκδς
399 2494 513 2571 αὑτοδς
531 2498 669 2576 βελτίους
689 2498 856 2581 γίγνεσθαι.

245 2593 345 2660 Alium
374 2596 522 2662 heroicum
548 2619 666 2662 versum
695 2620 735 2663 ex
761 2599 817 2663 bac
844 2598 994 2665 comoedia
1020 2598 1152 2664 semovit
1178 2595 1325 2685 interpres

159 2678 265 2743 Aristo
284 2679 473 2771 hanisVesp.
486 2684 582 2745 1231:
601 2680 752 2766 Ἀδμήτου
773 2679 877 2766 λόγον·
899 2686 957 2747 καλ
970 2689 1062 2747 τοῦτο
1083 2680 1163 2764 ἀρχὴ
1184 2682 1325 2745 σκολίου·

161 2700 366 2871 ἕξῇςδίέστι·
388 2771 461 2829 τῶν
483 2768 617 2830 δειλῶν
637 2766 785 2850 ἀπέχου
806 2766 954 2833 ποιοὺσ’
979 2762 1036 2830 ὅτι
1059 2769 1195 2831 δειλῶν
1216 2764 1325 2849 όλίγιτ

157 2872 280 2933 χαρις.
301 2850 352 2912 καλ
374 2850 407 2913 έν
426 2853 613 2933 Πελαργοΐς·

128 2960 133 2969 ·
238 2927 278 2997 Ὁ
297 2931 354 3013 μέν
372 2924 443 3020 ᾖδεν
457 2932 612 3018 Ἀδμήτου
633 2933 723 3020 λόγον
744 2934 821 3020 πρὸς
840 2936 998 3019 μυρρίνην,

238 3012 278 3081 ‘0
299 3016 332 3080 δ’
357 3017 452 3082 αὑτὸν
471 3017 635 3103 ἠνάγκαζεν
650 3017 814 3106 Ἁρμοδίου
835 3022 937 3102 μέλος.

153 3098 330 3187 Ἀρμόδιος
357 3101 388 3166 δ’
419 3105 453 3168 έν
481 3114 546 3180 τοῖς
572 3106 824 3193 κωμῳδουμένοις
853 3109 903 3169 καὶ
938 3104 992 3170 τόν
1011 3102 1181 3186 Ἀδμητον
1211 3098 1324 3187 άνόγει,

157 3186 281 3271 γραφὴν
301 3191 454 3272 παραθεὶς
473 3192 632 3272 Κρατίνου
659 3192 692 3254 ἐκ
713 3188 891 3276 Χειρῶνων·

241 3270 453 3356 Κλειταγόρας
473 3270 557 3362 ᾄδειν
578 3274 626 3339 ὅτ’
650 3273 689 3338 bv
702 3272 869 3355 Ἀδμήτου
890 3272 982 3354 μέλος
1004 3270 1094 3358 αὑλῇ.

158 3354 199 3419 Et
224 3357 348 3446 primum
369 3358 500 3444 quidem,
528 3360 603 3444 quod
625 3361 772 3449 interpres
797 3360 849 3425 ille
870 3361 947 3424 bunc
969 3378 1087 3423 versum
1106 3376 1148 3423 ex
1168 3352 1325 3421 Harmodii

157 3442 374 3507 comodamenis
390 3464 424 3507 se
442 3444 564 3531 petiisse
581 3444 661 3526 dicit,
681 3445 708 3509 is
729 3444 804 3509 nibil
825 3444 885 3509 nisi
905 3444 1091 3509 librariorum
1102 3441 1219 3507 videtur
1240 3460 1325 3505 error

156 3545 234 3591 esse.
277 3526 470 3591 Harmodium
525 3529 648 3593 uendam
685 3529 864 3639 Lepreatem
907 3548 1115 3612 nonnunquam
1149 3524 1325 3591 Athenaeus

154 3617 260 3675 testem
281 3610 418 3692 adhibet,
447 3619 479 3676 ut
498 3550 552 3681 lb'
575 3613 638 3678 148
659 3610 701 3677 F:
743 3612 906 3696 Αρμόιλιος
927 3612 959 3676 δ’
983 3608 999 3676 ὑ
1021 3607 1206 3696 Λεπρεάτης
1227 3612 1261 3675 ἐν
1280 3612 1324 3695 τῷ

155 3698 222 3780 περὶ
249 3701 311 3758 τῶν
335 3693 416 3758 κατὰ
440 3695 587 3780 Φιγάλεια
614 3699 765 3778 νομίμων,
797 3699 846 3764 ubi
867 3699 1016 3785 insignem
1043 3694 1215 3785 particulam
1236 3693 1324 3759 huius

155 3780 254 3867 operis
276 3779 446 3867 adscripsit:
469 3788 498 3845 et
518 3804 622 3851 rursus
644 3781 682 3847 X.
703 3805 732 3872 p.
753 3782 816 3849 442
837 3782 878 3848 B:
907 3777 1083 3866 ιΑρμόδιος
1104 3782 1138 3845 δὲ
1160 3774 1177 3843 ὁ
1197 3781 1324 3859 Λεπρε-

154 3866 231 3945 άτης
251 3864 283 3927 έν
303 3867 348 3948 τῷ
370 3866 436 3943 περὶ
458 3871 520 3937 τῶν
543 3871 709 3949 Φιγαλεῦσι
731 3870 883 3950 νομίμωνε
906 3868 963 3931 buc
984 3866 1059 3933 adde
1078 3865 1133 3929 Xl.
1154 3886 1183 3953 p.
1199 3862 1266 3931 465
1282 3862 1324 3945 l),

153 3970 238 4035 quem
261 3946 454 4012 Harmodium
481 3951 604 4016 coniicio
627 3974 666 4017 ex
687 3951 950 4041 Peripateticorum
979 3951 1050 4015 disci
1073 3951 1135 4015 lina
1160 3950 1322 4039 profectum

153 4054 235 4097 esse:
258 4030 366 4097 Graeci
387 4034 465 4099 enim
486 4035 557 4101 inde
578 4038 615 4101 ab
637 4058 672 4102 eo
694 4046 835 4126 tempore,
857 4058 913 4123 quo
925 3973 1101 4102 Alexander
1119 4035 1211 4099 victor
1232 4042 1323 4098 totum

152 4124 297 4181 terrarum
319 4118 420 4183 orbem
441 4122 624 4270 peragravit,
647 4141 707 4187 non
729 4124 787 4186 iam
810 4130 841 4186 ut
862 4130 931 4187 ante
952 4122 1041 4186 iebus
1059 4120 1228 4186 domesticis
1249 4116 1322 4182 solis

151 4201 256 4267 intenti
278 4209 379 4284 erant,
406 4225 439 4269 se
481 4224 594 4270 summo
621 4207 718 4272 studio
741 4215 771 4272 et
791 4215 959 4272 exterorum
985 4205 1158 4294 populorum
1179 4202 1322 4269 conditio·

151 4306 218 4352 nem
239 4308 423 4377 cognoscere
444 4289 611 4372 tentabant,
642 4300 672 4355 et
697 4312 780 4357 snam
807 4292 971 4357 amuratins
998 4290 1238 4377 investigabunta
1262 4289 1320 4353 iam
