2760 4792
62 226 84 313 s,
132 224 200 345 ms
430 203 432 207 ’
522 227 927 299 commursmouus

132 398 228 492 primo
248 395 403 476 παντοίοις
422 394 453 484 γ’
476 356 561 482 ἐμὴν
574 397 710 482 κεφαλὴν
735 394 884 482 άνθίμοις
904 398 949 486 ἔρ.
970 398 1061 466 scribi
1082 399 1191 482 voluil3
1217 421 1306 491 pror-

133 508 184 551 sus
206 487 284 551 enim
305 485 484 551 conveniunt
508 482 668 572 particulae
689 507 722 567 ys
741 479 804 567 μήν
823 485 977 566 institutae
997 487 1179 568 sententiae,
1200 495 1231 552 et
1250 486 1308 553 ad-

131 578 269 636 versatur
289 570 412 656 quodam
433 568 518 633 modo
539 568 604 656 ipse
624 567 816 651 Athenaeus,
837 569 888 654 qui
909 591 999 658 supra
1018 592 1047 660 p.
1069 572 1131 637 681
1153 568 1192 637 Β.
1213 569 1304 637 dicits
1364 653 1367 657 Α

130 651 405 738 Κοσμοσανδάλων
425 653 459 717 δὲ
478 649 658 736 μνημονεύει
671 655 826 739 Κρατῖνος
847 657 879 719 ἐν
888 657 1081 732 Μαλθακοῖς
1102 653 1154 721 διά
1173 651 1305 722 τούτων·

332 736 483 824 Κεφαλὴν
505 735 652 820 ἀνθίμοις
672 738 854 825 ἐρέπτομαι,
1345 736 1354 752 “

213 822 370 909 Λειρίοις,
390 819 508 910 ῥόδοις,
530 822 690 906 κρίνοισιν,
713 818 986 906 κοσμοσανδάλοις.

130 908 180 994 qui
199 908 253 972 vix
278 910 373 997 prima
392 909 486 975 ,verba
505 909 674 990 omisisset,
701 909 728 972 si
748 929 926 997 pronomen,
952 906 1117 973 arctissime
1144 928 1208 972 cum
1230 907 1302 975 sub·

130 994 258 1058 stantivo
279 993 459 1082 copulatum,
485 1013 694 1082 praegressum
720 999 810 1060 osset.
851 991 977 1058 Sextum
997 1013 1116 1058 versum
1143 1013 1203 1057 non
1223 992 1303 1059 intc-

131 1100 218 1166 grum
232 1100 299 1143 esse
309 1085 399 1168 patet.
418 1077 836 1165 Legebaturo'wdpooolouov
848 1074 1013 1164 φοβήτωί
1026 1074 1073 1141 ἀεί
1084 1073 1212 1165 φρούρῳ
1232 1082 1300 1147 κτλ.

130 1164 185 1228 sed
211 1162 312 1228 ultima
338 1163 446 1228 rectius
465 1168 647 1250 repetuntur
675 1162 757 1227 infra
782 1185 812 1253 p.
832 1163 897 1229 685
922 1161 967 1227 F:
1003 1163 1069 1226 Kal
1094 1161 1171 1244 μετὰ
1198 1166 1301 1230 vasco

130 1245 204 1331 ἡμῖν
230 1246 311 1325 sind,
342 1245 394 1310 διδ
422 1247 454 1310 τί
472 1248 627 1330 Κρατῖνος
652 1245 764 1333 είρηκι·
801 1251 858 1336 Τῷ
873 1245 904 1311 τ’
928 1242 1104 1334 ἀειφρούρῳ
1129 1244 1300 1337 μελιλώτῳ.

131 1333 182 1397 ubi
206 1332 307 1396 itidem
333 1331 489 1418 legebatur
515 1329 560 1395 ἀεὶ
583 1328 728 1419 φρούρῳ·
759 1339 840 1397 recto
860 1352 932 1396 vero
954 1330 1102 1397 Cantor-us
1124 1332 1299 1403 abacorum

131 1417 315 1564 oislgpppppg
333 1415 489 1562 pestitupit,
514 1416 785 1566 {idigfleffliiusf
824 1414 1300 1565 mmigvffijffilmuimi

130 1526 293 1668 diodoli,
314 1525 491 1670 ἕοφᾳίιλλῆῖς
530 1523 1300 1675 Ιίοὶάδίιάδδίιμῃδίέδδοδδδιυυιυοα’ωολδφάάύάάιςίλ

129 1671 257 1757 reliqua:
279 1667 458 1755 ἀνθρύσκου
473 1665 573 1756 φόβῃ·
596 1677 627 1734 at
646 1692 718 1735 vero
739 1671 815 1757 quod
836 1671 868 1735 in
879 1671 1026 1736 codicibus
1048 1669 1159 1759 legitur
1178 1668 1301 1756 ἀνθρα-

130 1757 257 1821 σκίσσου
285 1755 451 1820 subindicat
477 1755 556 1820 aliud
588 1762 743 1845 praeterea
768 1777 876 1820 nomen
904 1754 985 1821 lloris
1022 1755 1132 1837 latere,
1167 1763 1200 1821 nt
1224 1756 1300 1827 mibi

77 1876 82 1885 ι
129 1839 244 1927 quidem
264 1840 399 1923 videtur,
427 1840 602 1925 ναρκίσσου.
644 1840 713 1929 Ego
741 1842 819 1906 euim
845 1840 982 1906 existimo
1003 1861 1064 1906 nou
1085 1841 1178 1906 solum
1198 1849 1300 1931 poste-

128 1927 237 2075 {llll
261 1932 382 2074 balim
405 1926 501 2075 llll
522 1924 1299 2076 dlilslaelllili’aiilrpli⁰bi⁰bd¹⁶ilffl”

127 2096 179 2161 ille
199 2058 272 2160 vbro
294 2094 330 2158 ab
351 2030 565 2174 coqvocabulo,
587 2094 663 2179 quod
683 2033 840 2181 ludigari,
862 2093 1042 2178 ναρκίσσου·
1062 2036 1298 2165 librariievaulddi

128 2180 229 2245 oculus
265 2185 385 2268 propter
415 2178 634 2242 similitudinem
665 2177 829 2242 litterarum
855 2178 1006 2242 oberravit
1032 2184 1062 2244 et
1087 2185 1198 2246 temere
1222 2180 1299 2248 boec

127 2264 233 2354 partim
247 2263 441 2344 conturbavit,
462 2263 521 2326 alia
540 2283 662 2351 prorsus
674 2262 882 2351 praetermisit.
901 2260 1023 2348 Aliquid
1044 2263 1082 2329 ad
1102 2265 1180 2331 bunc
1199 2264 1297 2335 locum

127 2346 389 2436 redintegrandum
417 2347 532 2411 confert
555 2346 667 2410 Pollux
692 2345 746 2415 Vl.
770 2348 847 2429 1⁰6,
882 2347 932 2412 ubi
959 2367 1061 2413 omnes
1087 2350 1296 2439 propemodum

127 2433 218 2498 flores
240 2454 258 2496 a
280 2429 403 2498 Cratino
423 2438 662 2496 commemoratos
684 2432 786 2496 eodem
807 2431 873 2497 lere
894 2431 998 2498 ordine
1017 2442 1171 2516 recenset,
1199 2435 1243 2500 itu
1262 2440 1296 2500 ut

127 2519 200 2583 satis
222 2518 262 2590 sit
281 2517 432 2606 probabile
457 2517 540 2581 illum
559 2517 615 2581 hac
637 2515 754 2582 Cratini
773 2517 912 2605 parabasi
933 2538 1016 2582 usum
1037 2538 1119 2583 csse:
1147 2517 1201 2584 sed
1223 2540 1296 2587 suu-

126 2610 278 2669 merantor
300 2624 319 2666 a
338 2601 461 2666 Polluce
487 2602 574 2666 etiam
599 2610 754 2689 praeterea
780 2601 831 2666 alii
852 2600 957 2684 flores,
992 2622 1113 2687 quorum
1144 2602 1236 2669 mulla
1259 2604 1296 2669 fio

126 2688 236 2753 mentio
261 2686 338 2774 apud
360 2685 529 2766 Cratinum,
554 2686 633 2750 iuter
653 2707 725 2771 quos
746 2687 896 2751 narcissus
918 2707 973 2773 quo
993 2708 1030 2751 ue
1049 2687 1194 2753 refertur:
1219 2688 1295 2754 huuc

126 2779 223 2838 autem
245 2770 452 2858 grammaticus
474 2769 575 2834 affert:
606 2769 656 2833 Tol
682 2770 717 2835 δὲ
737 2771 770 2834 ἔν
797 2780 861 2848 τοῖς
889 2795 940 2836 στι
967 2795 1051 2848 ανοις
1078 2769 1177 2854 ἄνθη,
1203 2769 1293 2859 ῥόδα,

125 2857 175 2935 lb,
197 2856 301 2938 κρίνα,
323 2842 440 2936 σιδύμβ
460 2879 506 2932 ια,
528 2853 694 2935 ἀνεμῶναι,
716 2854 879 2938 ἕρπυλλος,
899 2797 1024 2943 κρίκος,
1044 2852 1209 2935 ὕάκινθος,
1231 2854 1294 2923 tu-

122 2964 248 3028 χρυσος,
258 2879 472 3023 ἡμεροκαλλίς,
484 2937 868 3026 ἓλίνιιον,θρυαλλίς,
881 2939 1063 3027 άνθρίσκος,
1074 2938 1292 3027 νάρκι-σσος,

123 3028 303 3108 μελίλωτον,
318 3023 461 3105 άνθεμίς,
473 3026 636 3110 παρθινίς,
647 3028 697 3088 καὶ
713 3016 828 3104 τᾶλλα,
844 3022 903 3090 ὅσα
911 3035 976 3103 τοῖς
993 3024 1171 3111 ὀφθαλμοῖς
1182 3026 1293 3114 τίρψιν

125 3108 144 3194 ἢ
166 3109 246 3197 ῥισίν
266 3107 371 3193 ἡδεῖαν
392 3106 544 3195 ύσφρησιν
564 3106 637 3191 ἔχει·
658 3108 751 3196 Atqui
761 3133 826 3176 cum
850 3111 883 3175 hi
895 3116 956 3175 tros
977 3109 1068 3176 flores
1084 3132 1143 3176 una
1162 3132 1227 3177 cum
1239 3132 1292 3177 nn·

124 3198 245 3283 thrysco
257 3202 475 3276 enumerentur,
487 3202 714 3260 cousentaneum
727 3201 787 3277 est,
800 3196 887 3260 etiam
903 3195 978 3285 apud
992 3195 1146 3261 Cratinum
1166 3216 1227 3261 una
1236 3196 1291 3261 bus

123 3281 213 3346 flores
224 3287 463 3346 commemoratos
472 3279 581 3344 luisse:
602 3280 755 3366 itaquesic
774 3281 826 3347 ille
847 3279 1138 3346 locusrestitoeudus
1158 3280 1291 3348 videtur:

203 3364 397 3450 Ἆνθρύσκου
419 3364 482 3450 (vel
503 3361 684 3474 ἀνθρύσκῳ)

208 3451 432 3535 Ναρκίσσου
455 3444 539 3535 φόβῃ
560 3448 619 3528 θ’,
641 3448 790 3535 ελενιίῳ
811 3450 934 3513 τεκαὶ
955 3446 1184 3536 θρυαλλίδι,

214 3540 270 3622 Τῷ
291 3531 321 3599 τ’
345 3531 521 3620 ἀειφρούρῳ
541 3531 698 3620 μελιλώτῳ
719 3530 800 3616 κάρα
822 3529 1005 3615 πυκάζομαι.

123 3618 274 3684 Pollucem
296 3620 375 3683 huuc
396 3618 513 3685 Cratini
535 3619 629 3684 locum
656 3619 827 3708 respexisse
847 3618 921 3683 satis
943 3639 1088 3707 superque
1108 3639 1145 3706 ap
1166 3622 1231 3682 aret
1250 3636 1291 3681 ex

122 3707 161 3855 {³5
175 3703 863 3872 tltbltt⁰¹¹t5bl¹ttfallbttttd
880 3704 1292 3871 {ttulzl'tpt‘ttz

373 3836 382 3865 5
1047 3835 1057 3866 7

121 3877 251 3957 μίλακος
277 3870 385 3948 ἄνθος.
428 3876 536 3938 Mltos
564 3873 740 3938 mentionem
772 3872 885 3936 fecerat
909 3878 995 3960 poeta
1021 3873 1150 3937 fortasse
1171 3872 1204 3935 iu
1230 3870 1291 3935 isto

122 3980 211 4024 versu
232 3957 412 4048 imperfecto.
455 3957 595 4024 Ceterum
615 3957 764 4022 smilacem
784 3955 906 4021 floribus
927 3957 1077 4044 insignem
1098 3977 1178 4040 esse,
1199 3957 1289 4021 etiam

122 4044 280 4134 Euripides
301 4043 371 4107 dicit
391 4044 424 4106 in
442 4040 617 4119 Bacchabus
638 4063 667 4106 v.
685 4043 763 4106 702:

470 4126 540 4189 'Eut
562 4125 592 4190 δ’
617 4123 722 4190 blisum
743 4123 896 4200 κισσίνους

207 4206 383 4296 Στεφάνους
403 4207 497 4292 δρυός
516 4234 548 4276 τε
568 4212 699 4294 μίλακος
719 4209 748 4275 τ’
772 4209 947 4292 ἀνθοσμίου

124 4305 155 4364 ct
175 4297 310 4365 similiter
329 4317 359 4362 v.
382 4296 459 4362 107:
