2768 4770
329 239 389 308 DE
409 236 553 316 RELIQ-
568 237 763 316 fflMOED·
783 241 891 316 ΜΤ.
911 243 1056 323 usrlo
1211 248 1277 316 339

98 412 161 493 τῆς
192 403 360 491 ἀπολογίας
386 409 443 472 τοῦ
471 407 590 493 πατρὸς
618 410 758 486 Φαίακος
791 415 848 476 τοῦ
880 415 1053 500 στρατηγοῦ
1084 406 1137 477 καί
1163 407 1208 478 δι’
1236 401 1280 479 ὧν

99 491 240 576 μάλιστα
260 493 552 577 μιμεῖταιΓοργίαν
572 491 626 594 rdr
647 496 825 560 Λεοντῖνον.

99 612 105 621 ·
190 574 241 641 Ex
264 576 418 666 Eupolidis
444 586 623 729 We
644 581 708 644 sive
729 580 927 690 Audfflgypis
949 578 1006 645 duo
1027 580 1197 668 fragmenta
1217 603 1280 647 ser·

101 662 188 729 vovit
209 661 392 751 Hephaestio
415 684 442 750 p.
566 667 672 739 υπολις
693 663 727 727 δέ
742 660 865 742 Uror}
879 661 1109 750 Αστρατεάτοις
1129 667 1181 731 καί
1202 664 1284 731 dra-—

102 742 261 823 κτυτάτως
281 746 432 828 συνίθηκε
452 745 488 811 τὸ
510 743 608 824 εἶδος·
630 753 672 834 πῇ
692 749 748 830 μίν
769 748 826 835 γὰρ
847 755 978 814 τοιαῦτα
999 759 1094 814 ποιεῖ·
1207 755 1210 759 ’

184 829 307 912 ’Άνάρες
328 828 461 915 ἑταῖροι,
483 832 566 919 δευρί
589 833 626 915 δὴ
648 832 704 915 τὴν
724 830 847 918 γνώμην
867 838 1054 919 πρυσίσχετε,

192 918 231 980 Ei
251 912 395 992 δάνατον,
418 917 468 978 καί
489 913 533 1000 μή
554 939 583 983 τι
604 918 707 999 μεῖζον
728 916 907 1004 πράττουσα
928 915 1076 1003 τυγχάνει.

104 1005 149 1088 πῇ
170 1000 204 1064 δὲ
224 1002 274 1063 καί
295 1005 440 1065 τοιαῦτα·

192 1087 258 1148 Καὶ
277 1074 490 1169 ξυνεγιγνάμην
512 1082 557 1147 dd
579 1093 643 1159 τοῖς
664 1081 796 1168 άγαθοῖς
817 1082 989 1172 φάγροισιν.

103 1165 192 1235 ὥσθ’
217 1166 288 1233 ὅλον
309 1168 385 1234 αὐτὸ
404 1166 610 1250 χοριαμβικὸν
631 1170 787 1251 ἐπίμικτον
812 1172 954 1255 γενέσθαι
979 1167 1087 1250 ὅμοιον
1100 1167 1279 1254 Ἀνακρεον-

102 1255 177 1341 sript
199 1255 290 1340 τῷδε·
313 1290 355 1305 -
376 1259 418 1338 πῇ
441 1253 474 1317 de*
494 1256 544 1316 καί
567 1250 672 1329 άλλυις
692 1253 844 1338 ἐχρήσατο
866 1259 935 1319 λίαν
952 1251 1094 1331 άτάκτοις
1114 1252 1278 1337 σχήμασιν.

102 1339 184 1405 Nam
216 1339 332 1402 tertium
364 1355 476 1424 quoque
502 1359 620 1402 versum
653 1359 691 1402 ex
720 1341 821 1404 eadem
854 1340 956 1405 fabula
987 1341 1108 1429 petitum
1141 1341 1279 1405 arbitror.

102 1423 249 1490 Graviter
270 1431 364 1487 autem
393 1423 503 1493 erravit
524 1421 724 1511 Hephaestio,
755 1426 805 1510 qui
831 1425 889 1490 ista
909 1425 1036 1490 diuersis
1063 1425 1152 1526 plane
1178 1423 1279 1489 metris

100 1506 274 1595 conscripto
299 1509 378 1572 iuter
397 1526 432 1572 se
454 1507 661 1594 eompusuerit:
694 1529 734 1572 ex
760 1510 897 1599 parabasi
919 1507 994 1573 haee
1013 1516 1104 1598 petita
1124 1530 1193 1573 esse
1212 1509 1278 1597 ipse

101 1591 219 1658 iudicat
244 1591 324 1656 infra
349 1613 379 1680 p.
403 1591 481 1673 109,
514 1592 564 1655 uhi
585 1612 688 1657 rursus
717 1592 754 1657 de
782 1603 874 1657 metro
895 1591 1054 1676 Cratineo,
1083 1593 1158 1678 quud
1178 1594 1279 1658 varius

102 1677 219 1743 formas
241 1676 383 1758 admittat,
405 1675 555 1740 {fisserere
574 1674 715 1740 instituit:
737 1679 802 1740 Καί
824 1676 859 1740 τὸ
871 1679 1054 1756 Κρατίνειον
1075 1678 1108 1742 δὲ
1128 1675 1164 1741 τὸ
1184 1676 1281 1741 ἀσυν-

103 1757 241 1845 άρτητον
271 1761 313 1825 ίκ·
340 1764 547 1843 χοριαμβικυῦ
579 1762 629 1822 καί
667 1765 831 1844 τροχαΐιιοῦ
865 1758 1151 1843 πολυσχημάτιστάν
1182 1762 1280 1826 ἐστιν·

103 1844 228 1930 άρκίσει
254 1851 345 1910 τοῦτο
375 1847 475 1920 δεῖξαι
495 1841 515 1926 ἡ
537 1839 715 1928 παράβασις
741 1840 762 1927 ἡ
784 1846 816 1909 ἐν
842 1853 907 1920 τοῖς
929 1841 1158 1931 Ἅστρατεάτοις
1185 1851 1280 1922 πᾶσα,

103 1931 160 1994 ‘iva
180 1928 224 2012 μὴ
246 1935 299 1993 νῦν
319 1926 500 2012 μηκύνωμεν
521 1930 755 2013 παραδείγματα
777 1928 1025 2014 παρατιθίμενοι.
1047 1930 1097 1993 uhi
1113 1928 1282 1995 Scholiasta

104 2015 255 2164 hosipsos
267 2036 372 2079 versus
388 2014 514 2103 repetiit.
536 2011 580 2078 Su
602 2014 822 2115 tautem'primi
835 2013 892 2079 duo
904 2036 1007 2079 versus
1019 2037 1059 2079 ex
1071 2016 1137 2104 ipso
1157 2015 1280 2079 exordio

103 2122 181 2191 para
202 2100 262 2163 asis
289 2100 388 2188 petiti,
421 2099 470 2162 ubi
496 2035 643 2248 choragros
673 2099 851 2164 audientiam
878 2099 935 2163 sihi
964 2100 1050 2180 faoit3
1082 2119 1139 2184 quo
1165 2098 1281 2184 quidem

106 2184 232 2252 exordio
261 2184 433 2273 saepissime
459 2183 501 2248 uti
529 2183 592 2248 sole
613 2189 664 2248 aut
685 2184 788 2248 comici
813 2191 934 2272 poetae,
976 2191 1009 2249 ut
1028 2184 1228 2250 Pherecrates
1248 2183 1281 2246 iu

106 2269 261 2337 Coriauuo
282 2268 359 2357 apud
380 2266 480 2334 Schol.
502 2267 656 2357 Aristoph.
676 2268 756 2335 Nuh.
779 2290 806 2333 ν.
827 2269 909 2335 563:

185 2350 310 2439 ’Άνιλρες
330 2347 475 2437 πράσχετε
495 2352 549 2416 τὸν
570 2359 642 2417 νοῦν

189 2434 387 2524 Ἔξευρήματι
414 2441 507 2523 καινῷ

194 2519 409 2603 Συμπτάκτοις
434 2518 644 2595 ἀναπαίστοις.

105 2614 139 2674 et
160 2607 377 2697 Aristophanes
399 2607 431 2670 in
452 2605 562 2691 Equitt.
583 2624 612 2669 v.
632 2604 712 2671 503:

188 2689 293 2773 Ὑμεῖς
315 2689 346 2755 d'
368 2688 441 2774 ἡμῖν
462 2686 606 2775 πρόσχετε
626 2687 680 2753 τὸν
699 2692 773 2753 νοῦν

196 2781 272 2853 Τοῖς
291 2775 500 2853 ἀναπαίστοις,

186 2852 229 2926 Ὦ
249 2862 395 2936 παντοίας
422 2858 482 2944 ἤδη
504 2854 640 2941 Μοάσης

193 2946 401 3031 Πειραθίντες
429 2943 506 3009 καθ’
531 2940 669 3018 ἕαυτοάς.

105 3031 246 3099 similiter
266 3033 298 3095 iu
319 3030 515 3119 epirrheurate
537 3028 667 3092 Nuhium
688 3047 717 3090 v.
739 3025 820 3090 575:

184 3109 227 3180 Ὤ
249 3113 424 3199 σοφώτατοι
445 3115 557 3177 θεαταί
579 3115 669 3198 δεῦρο
689 3109 745 3175 τὸν
765 3114 838 3173 νοῦν
859 3102 1013 3192 πράσχετε.
1078 3182 1079 3186 ¹

104 3211 138 3268 et
158 3201 191 3265 iu
211 3199 320 3290 Vespis
341 3197 370 3266 ν.
393 3200 491 3264 1015:
573 3233 576 3239 ·

192 3289 262 3350 Νῦν
283 3277 354 3348 udus
376 3282 434 3371 λερλ
456 3277 601 3366 πράσχετε
621 3279 676 3346 τὸν
696 3281 788 3355 νοῦν,
809 3275 891 3359 εἴπερ
912 3268 1056 3359 καθαράν
1076 3295 1106 3335 τι
1128 3276 1251 3356 φιλεῖτε.

104 3371 178 3438 item
199 3371 232 3434 iu
252 3369 369 3434 Avibus
392 3390 419 3433 v.
441 3369 522 3434 685¹:

187 3453 256 3537 ’Άγε
274 3454 312 3537 δὴ
335 3450 428 3541 φάσιν
450 3451 557 3533 άνιλρες
578 3445 774 3531 ἀμαυρόβιοι,
796 3440 921 3530 φύλλων
940 3445 1025 3529 γενεᾷ
1046 3436 1238 3524 προσόμοιοι,

189 3538 431 3624 Ὀλιγοὸρανίες,
453 3534 620 3617 πλάσματα
642 3535 758 3616 πηλοῦ,
781 3528 929 3594 σκιοειδέα
951 3523 1028 3612 φῦλ’
1052 3521 1197 3608 ἀμενηνά,

187 3623 330 3708 Ἀπτῆνες
351 3621 527 3709 ἐφημέριοι,
548 3620 657 3684 ταλαοὶ
677 3617 800 3702 βροτοί,
827 3611 930 3697 άνίρες
951 3607 1149 3695 εἰκελόνειροι,

192 3706 350 3792 Πράσχετε
371 3707 424 3772 τὸν
445 3712 518 3770 νοῦν
537 3713 601 3780 τοῖς
623 3698 792 3776 ἀθανάτοις
812 3693 885 3780 ἡμῖν
906 3705 970 3772 τοῖς
992 3696 1056 3759 alto
1075 3694 1187 3760 ἐοῦσιν.

105 3793 248 3861 Ceterum
269 3795 301 3858 in
323 3792 477 3881 Eupolidis
498 3811 588 3855 versu
609 3789 693 3872 daupi
713 3785 754 3867 dd
775 3783 897 3872 scripsi,
918 3803 984 3846 oum
1005 3780 1098 3867 vulgo
1118 3777 1203 3864 δεῦρ’
1220 3775 1280 3861 ἤδη

103 3879 275 3960 lederetur,
297 3878 486 3943 Hermanuus
509 3877 599 3959 δεῦρο
621 3872 660 3956 δὴ
682 3871 866 3936 coniecisset
909 3865 1034 3933 Tertius
1056 3872 1153 3930 autem
1173 3884 1279 3928 versus

104 3950 189 4030 nrdlo
204 3972 288 4051 paeto
305 3963 342 4027 ad
354 3961 523 4051 parabasin,
546 3981 620 4046 quae
640 3957 759 4046 proprio
772 3954 889 4019 numine
900 3957 1033 4051 uocatur,
1053 3948 1163 4013 reterri
1173 3955 1279 4049 potest,

104 4071 172 4114 uum
193 4049 285 4135 longe
307 4047 364 4111 alio
386 4047 425 4111 sit
446 4066 558 4134 genere
579 4062 765 4107 numerorum
792 4043 968 4126 compositus
989 4038 1021 4098 et
1045 4033 1199 4122 parebasrs
1221 4053 1279 4096 uuo

104 4133 267 4218 eodemque
289 4146 381 4196 metro
403 4131 560 4196 decurrere
582 4127 670 4193 solita
690 4126 744 4191 sit:
787 4145 882 4207 neque
903 4141 976 4185 vero
997 4138 1052 4208 pro
1072 4125 1156 4206 parte
1177 4117 1278 4198 mauri,

104 4218 183 4304 quod
205 4225 328 4297 vocant,
355 4216 507 4280 habendus
535 4219 597 4295 est,
624 4233 688 4277 cum
710 4209 854 4276 eiusmodi
879 4206 1057 4296 parabam,
1084 4201 1179 4289 qualis
1206 4201 1279 4265 haee

104 4311 169 4388 est,
198 4303 252 4368 illa
272 4308 356 4390 parte
384 4298 515 4366 earuhse
535 4298 707 4365 uideantur:
736 4297 834 4383 itaque
851 4310 969 4358 ’σταται
994 4288 1080 4354 illum
1099 4305 1217 4353 versum
1239 4305 1279 4349 ex

1005 4391 1076 4456 22·
