2760 4792
125 223 188 288 236
501 208 901 282 COMMENTATIONES

209 385 277 450 Τάν
297 383 330 448 ‹l'
354 381 511 467 ἄπληστον
531 388 632 445 κακῶν

206 468 267 552 Μή
289 470 358 534 ποτ’
383 471 414 532 ἐν
435 465 518 530 πόλει
545 464 652 531 στάσιν

207 553 287 642 Tpo'
312 550 476 634 ἐπεύχομαι
496 551 636 635 βρέμειν·

205 640 301 720 Μιμλὲ
322 644 434 702 πιοῦσα
460 633 541 711 κόνις
560 635 657 717 μίλαν
679 629 757 713 αἷμα
779 639 906 696 πολιτᾶν
1003 644 1007 653 “

207 723 261 788 Λι)
286 722 378 807 ὀργὰν
400 721 507 795 ποινάς
528 717 709 803 ἀντιφόνους
731 716 807 792 άτας
828 714 995 797 ἁρπαλίσαι
1018 714 1143 796 πόλεως.

123 810 240 875 (thorus
269 809 346 872 enirn
368 806 562 871 Eumenidum
584 804 660 868 ideru
682 811 833 890 precatur,
866 803 940 888 quod
963 826 1052 893 supra
1072 826 1101 868 v.
1122 806 1186 873 861
1208 806 1289 873 dixit

121 894 275 959 Minerva:

203 975 295 1059 Mapd'
320 973 451 1040 dsc'ovo'
476 972 518 1049 ῶς
538 975 667 1058 καρδίαν
688 966 856 1055 ἀλεκτόρων

200 1060 252 1133 Ἐν
272 1071 335 1136 τοῖς
356 1063 439 1141 ίμοῖς
458 1059 595 1123 ἀστοῖσιν
616 1054 742 1141 ἱδρύσῃς
750 1054 825 1139 ’Άρη

198 1141 367 1232 Ἐμφόλιόν
386 1169 418 1208 τε
441 1145 490 1206 καὶ
513 1142 588 1224 πρὸς
609 1137 751 1221 άλλήλοις
767 1135 905 1223 θρασόν·

206 1233 343 1317 Θοραΐος
364 1228 441 1292 ἴστω
462 1225 632 1308 πόλεμοςῆ
653 1223 741 1305 μόλις
763 1222 878 1308 παρῶν,

199 1315 251 1378 Ἐν
271 1307 296 1401 ᾦ
317 1340 363 1388 τις
384 1311 468 1376 ἕσται
491 1311 585 1385 δεινὸς
607 1311 740 1384 εὐκλείας
761 1309 846 1392 ἕροις.

199 1394 344 1462 Ἐνοικίοο
367 1396 397 1460 δ’
423 1396 548 1479 ὄρνιθος
570 1394 605 1459 orl
628 1396 704 1478 λέγω
724 1392 837 1475 μάχην.

116 1487 163 1549 lta
190 1486 307 1571 corrigo
333 1484 457 1570 primunr
483 1502 617 1561 versura,
650 1481 741 1567 vulgo
770 1477 915 1556 cgaeaooa’.
949 1502 1098 1568 compares
1128 1482 1284 1550 Prometh.

115 1593 144 1636 v.
165 1572 244 1636 370:

204 1649 330 1716 Τοιόνιλε
353 1649 469 1734 Τοφῶς
491 1649 658 1727 ἐξαναζέσει
677 1646 779 1730 χόλον.

117 1738 256 1803 Ceterum
278 1738 424 1800 sententia
444 1757 505 1799 uon
527 1735 678 1798 dissimilis
700 1743 774 1800 esta
795 1734 830 1798 ud
844 1733 1004 1798 Pindarum
1019 1732 1217 1823 Olymell.
1229 1736 1282 1803 1⁰.

115 1823 225 1887 Eodem
249 1822 333 1886 modo
355 1818 460 1895 στάσις
480 1820 697 1908 Aristophanes
718 1821 751 1883 iu
772 1756 868 1885 llauis
889 1840 918 1881 v.
940 1819 1016 1883 358.
1299 1844 1302 1849 ·

190 1905 238 1969 Ἢ
255 1903 362 1971 στάσιν
383 1904 500 1988 ἐχθράν
519 1905 563 1986 μὴ
586 1901 736 1981 καταλόει,
758 1904 835 1987 μηδ’
859 1900 983 1977 εάκολός
1004 1903 1066 1967 ἔστι
1087 1909 1238 1989 πολιταῖς,

192 1991 277 2056 Ἀλλ’
302 1990 440 2074 ἀνεγείρει
463 1991 513 2052 καὶ
535 1987 656 2071 ῥιπίζει,
683 1993 798 2069 κερδῶν
820 1991 904 2051 ἰδίων
925 1990 1094 2069 ἐπιθυμῶν.

114 2097 181 2140 uam
204 2076 276 2139 haec
298 2096 410 2159 qnoque
432 2074 468 2137 de
490 2072 650 2136 domestica
670 2073 817 2138 discordia
843 2073 1012 2159 accipienda
1039 2081 1120 2137 sunt:
1147 2072 1221 2140 belli
1245 2076 1281 2141 in

113 2163 162 2242 iis,
184 2182 257 2244 quae
278 2160 504 2242 subsequuntur,
528 2158 561 2219 lit
581 2157 698 2220 mentio.
726 2158 766 2221 Et
786 2160 818 2222 in
833 2157 1150 2245 Thesmophoriazusis
1170 2180 1199 2224 v.
1212 2160 1281 2227 788

112 2242 219 2318 στάσις
240 2243 365 2307 dilucide
386 2241 578 2325 distinguitur
599 2263 616 2303 a
637 2241 730 2304 bello:

192 2324 330 2401 Ὡςπᾶν
350 2326 440 2406 ἐσμὲν
461 2326 554 2389 κακὸν
575 2322 751 2409 ἀνθρώποις
772 2324 829 2401 κάξ
849 2322 936 2408 ἡμῶν
957 2328 1038 2391 ἐστὶν
1058 2324 1180 2391 ἅπαντα

189 2411 323 2495 ’Έριιλες,
345 2412 440 2490 νείκη,
462 2407 568 2485 στάσις
589 2409 738 2493 άργαλία,
760 2409 856 2493 stup,
880 2408 1019 2490 πόλεμος.

112 2501 154 2563 ita
175 2498 253 2562 euim
275 2504 304 2561 et
324 2518 445 2560 nunrero
468 2503 497 2559 et
517 2497 664 2559 sententia
683 2496 836 2583 flagitante
850 2497 1014 2582 distinguo:
1036 2498 1127 2562 valeo
1139 2495 1278 2583 ἀργαλέα

114 2583 151 2648 ad
172 2581 270 2663 λύπην
291 2583 429 2645 retertur.
459 2580 557 2665 Atque
584 2581 625 2644 ita
646 2583 732 2645 etiarn
755 2581 806 2646 alii
831 2591 952 2670 poetae,
978 2581 1099 2669 Bacchy
1113 2583 1175 2647 'des
1197 2582 1278 2673 apud

112 2667 268 2732 Stobaeunr
291 2666 355 2730 Ecl.
376 2666 472 2751 Phys.
495 2666 519 2729 l.
540 2665 576 2729 9:

198 2753 343 2815 Θνατοΐσι
366 2750 396 2813 δ’
421 2749 477 2813 οὐκ
499 2749 678 2834 αὐθαίρετοι

199 2834 275 2900 Odc'
300 2833 392 2914 ὄλβος
414 2833 475 2898 οὔτ’
499 2832 781 2917 άγναμπτοςἎρης
802 2832 871 2898 odra
893 2831 1096 2918 πάμφθερσις
1113 2831 1230 2913 στάσις.

111 2920 151 2985 Et
173 2922 209 2985 de
230 2920 369 2984 intestina
391 2920 537 2984 discordia
557 2921 643 2984 otiam
665 2920 814 2985 Pindarus
836 2920 911 2985 uixit
932 2922 1049 3008 Olymp.
1069 2921 1138 2987 XII.
1162 2925 1217 2990 16:

194 3008 233 3067 El
252 3003 295 3084 μὴ
317 3001 422 3081 στάσις
443 3002 614 3088 ἀντιάνειρα
634 3006 778 3080 Κνωσίας
798 3003 909 3090 άμερσε
930 3006 1059 3090 πάτρας.

108 3099 137 3156 et
156 3092 242 3155 Nem.
259 3089 382 3156 lX.13:

196 3181 292 3258 ‹ruoys
313 3176 371 3257 γάρ
390 3170 581 3258 Ἀμφιάρηόν
602 3199 633 3238 τε
655 3174 859 3258 θρασυμήδεα
881 3179 930 3241 καὶ
954 3177 1054 3240 δεινάν
1075 3172 1183 3242 στάσιν

191 3257 354 3346 Ιίατρῴων
376 3257 465 3322 οίκοιν
487 3256 548 3322 άπό
561 3258 586 3323 τ’
603 3257 735 3343 Ἄργεος.

109 3344 160 3409 Sic
187 3346 279 3431 igitur
300 3346 385 3409 etiam
407 3344 541 3408 Pericles
563 3344 721 3409 Discordia
747 3344 905 3410 domestica
926 3354 1087 3434 prognatus
1109 3369 1177 3412 esse
1198 3347 1271 3413 dici·

108 3439 174 3509 tur3
205 3451 298 3515 neque
327 3438 388 3509 ost,
417 3429 493 3514 quod
524 3430 579 3493 hoc
606 3452 624 3492 a
649 3436 736 3517 poeta
762 3431 858 3494 fictum
880 3432 1012 3512 mireris,
1044 3455 1108 3496 curu
1134 3431 1270 3497 Pericles

74 3545 76 3548 >
128 3515 248 3579 lurimos
280 3535 373 3578 annos
401 3514 594 3601 gravissimas
625 3515 793 3580 iuimicitias
819 3538 882 3580 cuur
912 3516 1050 3599 Cimone,
1079 3516 1271 3604 Thucydide,

108 3537 285 3679 ldrouide,
312 3599 459 3662 Leonnato
488 3599 554 3662 aliis
582 3601 763 3680 exercuerit,
791 3622 853 3664 cum
876 3623 960 3686 quaur
988 3601 1037 3666 diu
1063 3603 1196 3667 Pericles
1222 3604 1269 3667 rei

107 3623 239 3774 pulllicae
259 3684 403 3771 praefuit,
445 3684 596 3747 multitudo
618 3695 648 3747 et
672 3704 690 3748 o
711 3686 824 3749 tiaratos
851 3687 916 3749 lere
942 3688 1008 3750 sine
1033 3687 1093 3751 ulla
1119 3688 1269 3752 intermis-

106 3771 190 3835 sione
217 3770 254 3833 de
276 3768 423 3831 dominatu
445 3768 657 3833 contenderint.
689 3705 847 3834 λαῶνηομ]
874 3776 969 3835 autem
996 3781 1108 3859 patrem
1130 3767 1269 3855 (Κρόνον

105 3855 184 3918 enim
197 3854 313 3917 omuino
328 3852 485 3951 legendum
498 3860 544 3916 est
557 3874 610 3940 pro
626 3850 751 3938 χρόνον)
760 3855 887 3919 Periclis
901 3877 1040 3919 essenon
1054 3857 1159 3921 inscite
1180 3857 1268 3923 finxit

106 3938 257 4019 Cratinus,
279 3958 415 4021 quoniam
425 3936 507 4001 illurn
530 3960 593 4002 cum
605 3938 676 4001 love
687 3939 775 4025 Olym
795 3940 824 4003 io
841 3941 904 4003 lero
926 3961 1096 4028 comparare
1116 3942 1266 4007 solebantt

105 4024 173 4091 hinc
195 4023 282 4086 etiam
301 4021 450 4085 Periclem
470 4023 572 4086 eodem
595 4032 677 4110 patre
698 4045 754 4108 quo
775 3961 875 4088 lovem
898 4046 980 4088 usuor
1002 4048 1069 4090 esse
1091 4027 1170 4093 dicit.

189 4106 238 4171 Ad
260 4106 382 4170 eandem
410 4106 487 4171 hauc
512 4107 641 4171 fabulam
669 4116 698 4172 et
718 4109 773 4171 hoc
793 4109 888 4196 ipsum
914 4110 995 4172 clrori
1022 4132 1140 4175 carmen
1165 4112 1266 4177 refero

103 4194 190 4257 etiarm
213 4213 248 4256 ca
274 4212 348 4291 puae
369 4190 545 4291 Plutarchus
568 4192 599 4255 iu
622 4193 682 4291 vita
703 4192 828 4258 Periclis
850 4217 874 4257 c.
895 4192 939 4257 24
960 4218 999 4257 eu·
1020 4196 1143 4261 Cratino
1164 4196 1264 4277 affert,

102 4278 220 4345 fabulae
247 4275 361 4362 qurdour
389 4298 506 4342 nomine
535 4297 599 4365 uon
621 4277 748 4342 aduecto:
778 4278 828 4341 Ἐν
849 4278 883 4343 δὲ
903 4286 969 4355 ταῖς
996 4281 1171 4367 κωμῳδίαις
1189 4280 1264 4363 Ὀμ-
