2768 4770
334 217 392 283 ns
414 214 558 293 nstro
579 214 897 286 cosroen-mr.
920 217 1065 292 mmo
1210 221 1285 286 am

546 603 741 674 CAPUT
783 606 839 672 ΠΙ.

192 816 398 908 Hermippus
434 826 467 890 in
494 824 654 913 Minerqao
685 826 850 909 nandum
868 827 953 892 deam
985 827 1083 911 illam,
1116 830 1283 919 praesidem

101 921 194 1064 utapro
217 921 363 978 auctorem
385 912 485 999 gentis
503 909 761 993 Atticaesrecens
782 919 882 976 natam
904 911 1009 977 studiis
1031 914 1094 980 auis
1116 923 1284 1005 occupatam

102 1000 255 1066 exibuit:
297 999 397 1082 itaqua
416 997 519 1061 Iovem
548 995 680 1079 induxit,
723 998 773 1084 qui
794 998 875 1062 filiae
902 1016 941 1061 ex
972 998 1066 1099 ipsius
1093 1001 1188 1090 capite
1215 1023 1285 1090 pro·

103 1085 218 1150 sitienti
244 1085 416 1167 hastamque
444 1082 631 1164 coruscanti,
657 1082 792 1148 Palladis
818 1103 926 1148 nomen
953 1087 1115 1166 tmbn'eret3
1146 1107 1284 1174 quorsum

103 1176 221 1263 spectat
241 1169 292 1233 ille
315 1188 419 1232 uersus
441 1166 519 1256 apud
539 1166 679 1232 Photium
699 1190 729 1257 p.
750 1169 813 1249 62,
835 1172 872 1231 2:

188 1250 227 1318 ‘O
247 1250 342 1327 Ζεύς,
364 1253 475 1332 δίδωμι
496 1247 642 1330 Παλλάς,
664 1249 733 1335 η’σί,
754 1251 903 1335 τοῦνομα.
1271 1321 1274 1329 ,

104 1340 175 1429 ipsa
193 1360 266 1404 vero
287 1338 427 1403 Minerva
448 1336 555 1402 deinde
576 1337 654 1402 telae
675 1345 838 1426 operatur,v
851 1359 908 1425 quo
928 1339 1029 1404 refero
1050 1339 1134 1404 illum
1154 1361 1284 1423 versum,

127 1446 194 1489 uem
215 1422 428 1488 Grammaticus
450 1420 587 1486 Bekkeri
609 1422 650 1487 Τ.
671 1422 696 1487 Ι.
717 1445 747 1513 Ρ.
772 1425 853 1504 462,
875 1424 919 1489 26
939 1425 1087 1490 servavit:
1108 1424 1284 1504 Ἄττεσθαι,

105 1445 126 1576 θ
148 1507 234 1592 ἡμεῖς
255 1503 429 1586 decidendas·
444 1503 618 1593 Ἕρμιππος
634 1505 771 1590 Ἀθηνᾶς
790 1518 910 1592 γοναῖς·

188 1592 264 1657 Ἀπὸ
286 1598 341 1674 τῆς
361 1589 512 1678 τραπέζης
531 1594 651 1656 τουτονὶ
673 1591 728 1657 τὸν
748 1589 887 1676 στήμονα

186 1675 332 1742 ’ἔλπεσθ’
357 1679 497 1742 ἐπινοῶν.
868 1704 870 1708 ·

107 1762 221 1834 Verum
242 1763 269 1828 si
290 1769 370 1828 recte
392 1759 555 1825 coniectari
574 1759 649 1824 haec
670 1760 708 1826 ad
729 1759 915 1843 Minervam,
942 1762 1015 1826 artis
1044 1764 1166 1830 texendi
1187 1771 1286 1832 ancto-

107 1870 195 1930 rem,
222 1846 380 1913 reserenda
402 1868 487 1927 osse,
517 1844 725 1932 corrigendum
752 1852 800 1910 est
827 1848 981 1923 ἐπινοῶ,
1010 1854 1042 1911 ut
1067 1848 1162 1936 ipsam
1187 1849 1286 1916 Deam
1335 1887 1336 1890 ν

106 1932 275 2018 loquentem
307 1931 459 1997 induxerit
485 1930 676 2018 Hermippus.
719 1928 819 2019 Atque
851 1929 992 1996 comicum
1022 1941 1138 2021 poetam
1164 1933 1197 1998 in
1228 1934 1286 2000 hoc

108 2024 285 2118 argumento
306 2017 479 2081 exornando
500 2024 650 2080 versatum
677 2036 746 2080 esse
767 2016 841 2080 satis
863 2022 1008 2080 testantur
1029 2018 1086 2083 duo
1114 2020 1286 2130 septenarii,

108 2124 161 2190 qm
181 2102 322 2189 leguntur
343 2101 418 2250 apud
440 2100 565 2168 eundem
625 2101 807 2166 ammaticnm
830 2100 871 2166 T.
888 2100 914 2185 Ι.Ι
935 2123 965 2190 p.
986 2099 1061 2184 404,
1075 2103 1133 2168 28:
1149 2105 1286 2170 Ανθίων

107 2185 167 2271 τὴν
197 2185 315 2270 γενικὴν
364 2187 461 2268 μοίως
491 2194 556 2262 τοῖς
608 2208 682 2251 ωσιν
716 2185 746 2251 οῖ
772 2184 921 2251 Ἀττικοί·
956 2181 1130 2274 Ἕρμιππος
1150 2188 1287 2273 Ἀθηνᾶς

108 2280 232 2360 γοναῖς·

195 2349 451 2464 Κηροσπρῖθητον
471 2351 593 2420 ιἰνθέων
612 2350 746 2440 ὕφασμα
767 2352 872 2419 καινὸν
879 2349 982 2441 Ὡρῶν

110 2441 163 2506 καὶ
184 2441 575 2609 ἐθέίετιέέέιι’έςξφέλςιαιμαίροοσα
597 2520 747 2600 πέπλους,
768 2518 890 2587 ἀνθέων
909 2521 1067 2607 γέμοντας.

110 2626 219 2728 sedin
239 2627 339 2727 priore
359 2647 449 2726 versu
475 2624 549 2725 illud
570 2619 822 2732 xqpounddqrov'
839 2624 908 2710 qnid
935 2622 975 2690 sit
995 2624 1079 2726 nulla
1099 2632 1163 2691 arte
1184 2628 1286 2727 expla-

109 2714 1287 2944 tttt¹¹t2tt¹¹0t⁰1¹tt⁰ttttttt‘titt'‘dfflptttfttttt‘tttt
1312 2857 1314 2862 .

112 2881 179 2948 dem
200 2881 326 2947 Homeri
347 2880 531 2969 exemplum,
551 2900 601 2965 qur
622 2879 654 2943 in
675 2879 814 2965 Odyssea
833 2878 862 2948 V
925 2879 990 2945 107
1010 2880 1101 2947 dixit:

196 2982 244 3047 At
265 2980 297 3046 d’
322 2981 425 3057 ἱστοὺς
445 2977 566 3067 ὑφόωσι
587 2982 639 3043 καί
659 2977 799 3063 ἠλάκατα
821 2976 1015 3067 στρωφῶσιν,

134 3087 137 3090 ’
191 3064 341 3148 Ἧμεναι,
364 3062 467 3132 οἷοίτε
489 3062 592 3152 φύλλα
610 3067 763 3148 μακεδνῆς
784 3067 938 3152 αἰγείροιο,

196 3153 380 3239 Καιροσέων
402 3152 434 3215 δ’
459 3150 596 3216 ὀθονίων
617 3148 809 3231 ἀπολείβεται
829 3145 925 3237 ὑγρὸν
944 3149 1058 3214 ἔλαιον.

111 3250 252 3320 Ceterum
284 3273 435 3341 compares
470 3275 534 3319 cum
563 3253 611 3317 his
640 3251 777 3316 versibus
813 3271 888 3336 qnae
914 3250 1094 3341 Cypriorum
1127 3251 1288 3321 carminum

111 3346 214 3404 auctor
235 3338 272 3403 de
292 3338 421 3410 Veneris
442 3338 626 3402 vestimentis
648 3334 723 3402 dixit
743 3336 821 3426 apud
841 3336 1029 3400 Athenaeum
1049 3335 1118 3405 XV.
1130 3359 1160 3426 Ρ.
1171 3335 1286 3405 osan:

198 3439 322 3519 Είματα
342 3439 399 3521 μὲν
416 3443 526 3521 χροιᾶς
550 3434 619 3502 τότε
640 3437 669 3505 ot
690 3434 826 3521 Χάριτές
845 3461 877 3501 τε
899 3438 949 3498 καὶ
967 3426 1061 3520 Ὧραι

198 3525 343 3607 Ποίησον
364 3526 414 3588 καὶ
436 3523 562 3605 ἔβαψαν
582 3524 615 3589 ἐν
636 3520 762 3589 ἄνθεσιν
783 3527 965 3606 εἰαρινοῖσιν,

201 3601 263 3672 Οἷα
285 3607 418 3696 φοροῦσ’
435 3599 544 3691 Ὧραι,
567 3605 599 3672 έν
619 3632 651 3672 τε
671 3603 780 3695 κρόκῳ,
794 3607 826 3671 έν
845 3604 884 3671 θ’
907 3602 1060 3695 ὑακίνθῳ,
1086 3629 1087 3632 ’

191 3690 254 3755 ’Ἐν
273 3719 305 3758 τε
327 3694 370 3780 ’ίῳ
396 3693 568 3757 θαλέθοντι
591 3691 685 3778 ῥόδον
707 3691 737 3757 τ’
761 3695 804 3758 ἐνὶ
832 3689 923 3756 div-‘iai'
946 3695 1042 3780 καλῷ,

194 3775 295 3859 Ἡδέί,
317 3779 484 3865 νεκταρέῳ,
505 3775 539 3842 έν
558 3777 589 3841 τ’
613 3777 800 3863 ἀμβροσίαις
820 3773 1002 3844 καλύκεσσιν

190 3861 316 3928 ’Άνθεσι
338 3864 504 3948 ναρκίσσον
526 3865 707 3947 καλλίρρον·
729 3862 790 3929 τοῖ’
810 3860 978 3949 Ἀφροδίτη

192 3946 304 4034 Ὥραις
323 3951 490 4025 ,παντοίαις
509 3949 688 4029 τεθυωμένα
711 3945 821 4029 ε’ίματα
843 3949 923 4014 έστο.

111 4048 179 4114 Alii
207 4051 368 4138 septenarii
395 4071 435 4115 ex
463 4049 566 4115 eadem
592 4050 648 4116 hac
673 4049 776 4115 sabula
802 4049 944 4137 leguntur
969 4043 1047 4137 apud
1068 4043 1228 4113 Stobaenm
1257 4044 1290 4108 in

111 4133 238 4222 Eclogiu
259 4135 407 4220 'Physicis
440 4132 528 4203 Τ.Ι.
580 4135 690 4217 ,238,
733 4135 783 4199 nbi
818 4156 883 4201 cum
915 4133 948 4198 in
982 4130 1131 4198 codicibus
1173 4130 1202 4195 le
1243 4135 1291 4192 tur
1377 4209 1379 4211 ‚

111 4216 281 4304 ἀναμενέως
302 4215 495 4305 Ἕρμίπποο,
563 4221 701 4289 eorenine
727 4227 808 4288 recte
830 4218 967 4302 Ἀθηνᾶς
992 4225 1096 4304 γοναῖς
1116 4212 1290 4302 Ἕρμπποο

111 4305 258 4373 restituite
271 4311 350 4370 ‘sunt
370 4311 468 4372 anum
487 4304 534 4370 illi
555 4327 660 4371 versus
680 4304 732 4376 ita
743 4305 967 4372 consdtuandie

1019 4403 1089 4469 m·
