<?xml version="1.0" encoding="UTF-8"?>
<!DOCTYPE html PUBLIC "-//W3C//DTD XHTML 1.0 Transitional//EN"
    "http://www.w3.org/TR/xhtml1/DTD/xhtml1-transitional.dtd">
<html xmlns="http://www.w3.org/1999/xhtml" xml:lang="en" lang="en">
 <head>
  <title>
</title>
<meta http-equiv="Content-Type" content="text/html;charset=utf-8" />
  <meta name='ocr-system' content='tesseract 3.04.00' />
  <meta name='ocr-capabilities' content='ocr_page ocr_carea ocr_par ocr_line ocrx_word'/>
</head>
<body>
  <div class='ocr_page' id='page_1' title='image "./commentationumd00berggoog_0103.png"; bbox 0 0 2768 4770; ppageno 0'>
   <div class='ocr_carea' id='block_1_1' title="bbox 340 207 1289 288">
    <p class='ocr_par' dir='ltr' id='par_1_1' title="bbox 340 207 1289 288">
     <span class='ocr_line' id='line_1_1' title="bbox 340 207 1289 288; baseline 0.003 -11"><span class='ocrx_word' id='word_1_1' title='bbox 340 207 401 278; x_wconf 83' lang='lat' dir='ltr'><strong>DE</strong></span> <span class='ocrx_word' id='word_1_2' title='bbox 421 207 565 288; x_wconf 74' lang='lat' dir='ltr'><strong>numa.</strong></span> <span class='ocrx_word' id='word_1_3' title='bbox 582 207 774 280; x_wconf 70' lang='lat' dir='ltr'><strong>conoul).</strong></span> <span class='ocrx_word' id='word_1_4' title='bbox 793 208 901 279; x_wconf 77' lang='lat' dir='ltr'><strong>ATT.</strong></span> <span class='ocrx_word' id='word_1_5' title='bbox 921 209 1066 288; x_wconf 79' lang='lat' dir='ltr'><strong>ANTIQ.</strong></span> <span class='ocrx_word' id='word_1_6' title='bbox 1244 210 1289 280; x_wconf 79' lang='grc'><strong>59</strong></span> 
     </span>
    </p>
   </div>
   <div class='ocr_carea' id='block_1_2' title="bbox 101 375 1355 4208">
    <p class='ocr_par' dir='ltr' id='par_1_2' title="bbox 101 375 1296 978">
     <span class='ocr_line' id='line_1_2' title="bbox 101 375 1288 467; baseline 0.003 -24"><span class='ocrx_word' id='word_1_7' title='bbox 101 375 211 451; x_wconf 76' lang='lat' dir='ltr'><strong>fuisse</strong></span> <span class='ocrx_word' id='word_1_8' title='bbox 236 375 417 467; x_wconf 80' lang='lat' dir='ltr'><strong>Hagnonem</strong></span> <span class='ocrx_word' id='word_1_9' title='bbox 446 385 477 445; x_wconf 85' lang='lat' dir='ltr'><strong>et</strong></span> <span class='ocrx_word' id='word_1_10' title='bbox 501 377 728 464; x_wconf 80' lang='lat' dir='ltr'><strong>Phormionem,</strong></span> <span class='ocrx_word' id='word_1_11' title='bbox 760 379 841 444; x_wconf 89' lang='lat' dir='ltr'><strong>viros</strong></span> <span class='ocrx_word' id='word_1_12' title='bbox 868 379 1067 446; x_wconf 88' lang='lat' dir='ltr'><strong>nobilissimos</strong></span> <span class='ocrx_word' id='word_1_13' title='bbox 1093 380 1288 447; x_wconf 79' lang='lat' dir='ltr'><strong>fortissimos·</strong></span> 
     </span>
     <span class='ocr_line' id='line_1_3' title="bbox 151 462 1296 556; baseline 0.002 -27"><span class='ocrx_word' id='word_1_14' title='bbox 151 486 185 529; x_wconf 76' lang='lat' dir='ltr'><strong>ec</strong></span> <span class='ocrx_word' id='word_1_15' title='bbox 227 483 298 528; x_wconf 89' lang='lat' dir='ltr'><strong>nam</strong></span> <span class='ocrx_word' id='word_1_16' title='bbox 324 462 414 529; x_wconf 77' lang='lat' dir='ltr'><strong>classi</strong></span> <span class='ocrx_word' id='word_1_17' title='bbox 443 472 602 554; x_wconf 79' lang='lat' dir='ltr'>praeerant</span> <span class='ocrx_word' id='word_1_18' title='bbox 620 465 679 555; x_wconf 90' lang='lat' dir='ltr'><strong>ipsi</strong></span> <span class='ocrx_word' id='word_1_19' title='bbox 708 473 877 556; x_wconf 88' lang='lat' dir='ltr'><strong>praetores,</strong></span> <span class='ocrx_word' id='word_1_20' title='bbox 909 486 970 530; x_wconf 94' lang='lat' dir='ltr'><strong>nou</strong></span> <span class='ocrx_word' id='word_1_21' title='bbox 996 466 1158 531; x_wconf 86' lang='lat' dir='ltr'><strong>triremium</strong></span> <span class='ocrx_word' id='word_1_22' title='bbox 1186 466 1296 531; x_wconf 69' lang='lat' dir='ltr'><strong>ducesc</strong></span> 
     </span>
     <span class='ocr_line' id='line_1_4' title="bbox 102 485 1287 638; baseline 0.001 -23"><span class='ocrx_word' id='word_1_23' title='bbox 102 485 177 615; x_wconf 76' lang='lat' dir='ltr'><strong>deu</strong></span> <span class='ocrx_word' id='word_1_24' title='bbox 205 547 234 613; x_wconf 87' lang='lat' dir='ltr'><strong>si</strong></span> <span class='ocrx_word' id='word_1_25' title='bbox 258 547 454 634; x_wconf 82' lang='lat' dir='ltr'><strong>Thucydides</strong></span> <span class='ocrx_word' id='word_1_26' title='bbox 481 549 590 616; x_wconf 87' lang='lat' dir='ltr'><strong>fuisset</strong></span> <span class='ocrx_word' id='word_1_27' title='bbox 615 550 732 638; x_wconf 83' lang='lat' dir='ltr'>collega</span> <span class='ocrx_word' id='word_1_28' title='bbox 752 549 795 616; x_wconf 85' lang='lat' dir='ltr'><strong>So</strong></span> <span class='ocrx_word' id='word_1_29' title='bbox 815 549 924 632; x_wconf 92' lang='lat' dir='ltr'><strong>hoclis,</strong></span> <span class='ocrx_word' id='word_1_30' title='bbox 962 558 1043 615; x_wconf 88' lang='lat' dir='ltr'><strong>certe</strong></span> <span class='ocrx_word' id='word_1_31' title='bbox 1069 550 1146 615; x_wconf 87' lang='lat' dir='ltr'><strong>alter</strong></span> <span class='ocrx_word' id='word_1_32' title='bbox 1165 571 1207 616; x_wconf 84' lang='lat' dir='ltr'><strong>ex</strong></span> <span class='ocrx_word' id='word_1_33' title='bbox 1226 551 1287 633; x_wconf 84' lang='lat' dir='ltr'><strong>his,</strong></span> 
     </span>
     <span class='ocr_line' id='line_1_5' title="bbox 107 571 1289 720; baseline -0.002 -18"><span class='ocrx_word' id='word_1_34' title='bbox 107 640 166 703; x_wconf 78' lang='lat' dir='ltr'><strong>ent</strong></span> <span class='ocrx_word' id='word_1_35' title='bbox 194 630 308 720; x_wconf 81' lang='lat' dir='ltr'><strong>Hagno</strong></span> <span class='ocrx_word' id='word_1_36' title='bbox 336 640 387 698; x_wconf 90' lang='lat' dir='ltr'><strong>aut</strong></span> <span class='ocrx_word' id='word_1_37' title='bbox 411 632 555 701; x_wconf 83' lang='lat' dir='ltr'><strong>Phormio</strong></span> <span class='ocrx_word' id='word_1_38' title='bbox 584 634 736 699; x_wconf 83' lang='lat' dir='ltr'>debuisset</span> <span class='ocrx_word' id='word_1_39' title='bbox 755 571 867 700; x_wconf 81' lang='lat' dir='ltr'><strong>relhtus</strong></span> <span class='ocrx_word' id='word_1_40' title='bbox 887 655 956 699; x_wconf 90' lang='lat' dir='ltr'><strong>esse</strong></span> <span class='ocrx_word' id='word_1_41' title='bbox 982 636 1020 700; x_wconf 88' lang='lat' dir='ltr'><strong>ab</strong></span> <span class='ocrx_word' id='word_1_42' title='bbox 1046 635 1236 702; x_wconf 85' lang='lat' dir='ltr'><strong>Androtioue</strong></span> <span class='ocrx_word' id='word_1_43' title='bbox 1254 636 1289 700; x_wconf 91' lang='lat' dir='ltr'><strong>in</strong></span> 
     </span>
     <span class='ocr_line' id='line_1_6' title="bbox 107 716 1287 808; baseline 0.001 -22"><span class='ocrx_word' id='word_1_44' title='bbox 107 716 282 806; x_wconf 73' lang='lat' dir='ltr'><strong>catalogum</strong></span> <span class='ocrx_word' id='word_1_45' title='bbox 310 717 429 784; x_wconf 82' lang='lat' dir='ltr'><strong>ducum:</strong></span> <span class='ocrx_word' id='word_1_46' title='bbox 472 726 537 785; x_wconf 89' lang='lat' dir='ltr'><strong>octo</strong></span> <span class='ocrx_word' id='word_1_47' title='bbox 568 721 647 786; x_wconf 91' lang='lat' dir='ltr'><strong>enim</strong></span> <span class='ocrx_word' id='word_1_48' title='bbox 674 723 794 784; x_wconf 90' lang='lat' dir='ltr'><strong>nomina</strong></span> <span class='ocrx_word' id='word_1_49' title='bbox 814 720 856 785; x_wconf 91' lang='lat' dir='ltr'><strong>ihi</strong></span> <span class='ocrx_word' id='word_1_50' title='bbox 877 719 1034 808; x_wconf 83' lang='lat' dir='ltr'><strong>leguntur,</strong></span> <span class='ocrx_word' id='word_1_51' title='bbox 1070 728 1103 786; x_wconf 87' lang='lat' dir='ltr'><strong>ut</strong></span> <span class='ocrx_word' id='word_1_52' title='bbox 1123 721 1217 785; x_wconf 87' lang='lat' dir='ltr'><strong>tribus</strong></span> <span class='ocrx_word' id='word_1_53' title='bbox 1238 720 1287 787; x_wconf 87' lang='lat' dir='ltr'><strong>his</strong></span> 
     </span>
     <span class='ocr_line' id='line_1_7' title="bbox 108 802 1288 893; baseline 0 -22"><span class='ocrx_word' id='word_1_54' title='bbox 108 803 215 871; x_wconf 86' lang='lat' dir='ltr'><strong>uullos</strong></span> <span class='ocrx_word' id='word_1_55' title='bbox 235 802 278 869; x_wconf 89' lang='lat' dir='ltr'><strong>sit</strong></span> <span class='ocrx_word' id='word_1_56' title='bbox 296 803 379 868; x_wconf 90' lang='lat' dir='ltr'><strong>locus</strong></span> <span class='ocrx_word' id='word_1_57' title='bbox 400 825 569 872; x_wconf 89' lang='lat' dir='ltr'><strong>concessus.</strong></span> <span class='ocrx_word' id='word_1_58' title='bbox 609 803 651 871; x_wconf 85' lang='lat' dir='ltr'><strong>llt</strong></span> <span class='ocrx_word' id='word_1_59' title='bbox 670 812 740 893; x_wconf 90' lang='lat' dir='ltr'><strong>puto</strong></span> <span class='ocrx_word' id='word_1_60' title='bbox 762 805 850 869; x_wconf 86' lang='lat' dir='ltr'><strong>etiam</strong></span> <span class='ocrx_word' id='word_1_61' title='bbox 865 804 927 869; x_wconf 90' lang='lat' dir='ltr'><strong>Tle</strong></span> <span class='ocrx_word' id='word_1_62' title='bbox 947 804 1072 870; x_wconf 92' lang='lat' dir='ltr'><strong>olemum</strong></span> <span class='ocrx_word' id='word_1_63' title='bbox 1093 812 1123 870; x_wconf 90' lang='lat' dir='ltr'><strong>et</strong></span> <span class='ocrx_word' id='word_1_64' title='bbox 1137 804 1288 872; x_wconf 83' lang='lat' dir='ltr'><strong>Anticlem</strong></span> 
     </span>
     <span class='ocr_line' id='line_1_8' title="bbox 188 825 1289 978; baseline 0.002 -26"><span class='ocrx_word' id='word_1_65' title='bbox 188 894 268 953; x_wconf 90' lang='lat' dir='ltr'><strong>tores</strong></span> <span class='ocrx_word' id='word_1_66' title='bbox 288 888 404 954; x_wconf 69' lang='lat' dir='ltr'><strong>fuisset</strong></span> <span class='ocrx_word' id='word_1_67' title='bbox 430 910 499 955; x_wconf 92' lang='lat' dir='ltr'><strong>nam</strong></span> <span class='ocrx_word' id='word_1_68' title='bbox 519 888 597 976; x_wconf 89' lang='lat' dir='ltr'><strong>qnod</strong></span> <span class='ocrx_word' id='word_1_69' title='bbox 617 889 812 976; x_wconf 91' lang='lat' dir='ltr'><strong>Thucydides</strong></span> <span class='ocrx_word' id='word_1_70' title='bbox 834 889 889 955; x_wconf 93' lang='lat' dir='ltr'><strong>hos</strong></span> <span class='ocrx_word' id='word_1_71' title='bbox 916 825 1072 978; x_wconf 80' lang='lat' dir='ltr'><strong>distinguit</strong></span> <span class='ocrx_word' id='word_1_72' title='bbox 1093 892 1129 955; x_wconf 92' lang='lat' dir='ltr'><strong>ah</strong></span> <span class='ocrx_word' id='word_1_73' title='bbox 1150 890 1224 973; x_wconf 94' lang='lat' dir='ltr'><strong>illis,</strong></span> <span class='ocrx_word' id='word_1_74' title='bbox 1243 889 1289 954; x_wconf 85' lang='lat' dir='ltr'><strong>vi·</strong></span> 
     </span>
    </p>

    <p class='ocr_par' dir='ltr' id='par_1_3' title="bbox 108 972 1355 4208">
     <span class='ocr_line' id='line_1_9' title="bbox 151 972 1290 1063; baseline 0 -24"><span class='ocrx_word' id='word_1_75' title='bbox 151 980 203 1039; x_wconf 86' lang='lat' dir='ltr'><strong>tur</strong></span> <span class='ocrx_word' id='word_1_76' title='bbox 220 974 295 1038; x_wconf 88' lang='lat' dir='ltr'><strong>haee</strong></span> <span class='ocrx_word' id='word_1_77' title='bbox 314 973 410 1038; x_wconf 83' lang='lat' dir='ltr'><strong>tuisse</strong></span> <span class='ocrx_word' id='word_1_78' title='bbox 431 996 537 1057; x_wconf 90' lang='lat' dir='ltr'><strong>causa,</strong></span> <span class='ocrx_word' id='word_1_79' title='bbox 558 972 634 1061; x_wconf 91' lang='lat' dir='ltr'><strong>quod</strong></span> <span class='ocrx_word' id='word_1_80' title='bbox 655 973 744 1041; x_wconf 89' lang='lat' dir='ltr'><strong>Thuc</strong></span> <span class='ocrx_word' id='word_1_81' title='bbox 766 974 869 1056; x_wconf 91' lang='lat' dir='ltr'><strong>dides,</strong></span> <span class='ocrx_word' id='word_1_82' title='bbox 895 974 1019 1062; x_wconf 78' lang='lat' dir='ltr'><strong>Hagno,</strong></span> <span class='ocrx_word' id='word_1_83' title='bbox 1040 973 1181 1040; x_wconf 90' lang='lat' dir='ltr'><strong>Phormio</strong></span> <span class='ocrx_word' id='word_1_84' title='bbox 1202 996 1290 1063; x_wconf 87' lang='lat' dir='ltr'><strong>prae·</strong></span> 
     </span>
     <span class='ocr_line' id='line_1_10' title="bbox 108 1057 1289 1161; baseline 0.002 -36"><span class='ocrx_word' id='word_1_85' title='bbox 108 1063 202 1125; x_wconf 78' lang='lat' dir='ltr'><strong>eraut</strong></span> <span class='ocrx_word' id='word_1_86' title='bbox 220 1059 346 1124; x_wconf 84' lang='lat' dir='ltr'><strong>navibus</strong></span> <span class='ocrx_word' id='word_1_87' title='bbox 368 1059 469 1148; x_wconf 80' lang='lat' dir='ltr'><strong>longis</strong></span> <span class='ocrx_word' id='word_1_88' title='bbox 491 1060 702 1149; x_wconf 82' lang='lat' dir='ltr'><strong>quadraginta,</strong></span> <span class='ocrx_word' id='word_1_89' title='bbox 764 1059 925 1161; x_wconf 91' lang='lat' dir='ltr'><strong>lepolemus</strong></span> <span class='ocrx_word' id='word_1_90' title='bbox 952 1067 984 1124; x_wconf 87' lang='lat' dir='ltr'><strong>et</strong></span> <span class='ocrx_word' id='word_1_91' title='bbox 1002 1057 1141 1125; x_wconf 82' lang='lat' dir='ltr'><strong>Anticles</strong></span> <span class='ocrx_word' id='word_1_92' title='bbox 1162 1060 1289 1127; x_wconf 85' lang='lat' dir='ltr'><strong>navibus</strong></span> 
     </span>
     <span class='ocr_line' id='line_1_11' title="bbox 108 1142 1289 1234; baseline 0.001 -24"><span class='ocrx_word' id='word_1_93' title='bbox 108 1142 279 1226; x_wconf 70' lang='lat' dir='ltr'><strong>cremiis,</strong></span> <span class='ocrx_word' id='word_1_94' title='bbox 312 1144 418 1229; x_wconf 88' lang='lat' dir='ltr'><strong>quibus</strong></span> <span class='ocrx_word' id='word_1_95' title='bbox 444 1145 598 1234; x_wconf 85' lang='lat' dir='ltr'><strong>impositae</strong></span> <span class='ocrx_word' id='word_1_96' title='bbox 624 1150 712 1210; x_wconf 89' lang='lat' dir='ltr'><strong>erant</strong></span> <span class='ocrx_word' id='word_1_97' title='bbox 738 1166 855 1232; x_wconf 84' lang='lat' dir='ltr'><strong>coprae:</strong></span> <span class='ocrx_word' id='word_1_98' title='bbox 889 1166 958 1210; x_wconf 88' lang='lat' dir='ltr'><strong>nam</strong></span> <span class='ocrx_word' id='word_1_99' title='bbox 982 1144 1039 1209; x_wconf 92' lang='lat' dir='ltr'><strong>has</strong></span> <span class='ocrx_word' id='word_1_100' title='bbox 1060 1165 1174 1233; x_wconf 86' lang='lat' dir='ltr'><strong>quoque</strong></span> <span class='ocrx_word' id='word_1_101' title='bbox 1194 1165 1289 1211; x_wconf 86' lang='lat' dir='ltr'><strong>nares</strong></span> 
     </span>
     <span class='ocr_line' id='line_1_12' title="bbox 109 1226 1289 1320; baseline -0.001 -22"><span class='ocrx_word' id='word_1_102' title='bbox 109 1226 232 1298; x_wconf 73' lang='lat' dir='ltr'><strong>Athos</strong></span> <span class='ocrx_word' id='word_1_103' title='bbox 256 1227 370 1312; x_wconf 81' lang='lat' dir='ltr'><strong>fuisse,</strong></span> <span class='ocrx_word' id='word_1_104' title='bbox 406 1229 502 1315; x_wconf 90' lang='lat' dir='ltr'><strong>iisque</strong></span> <span class='ocrx_word' id='word_1_105' title='bbox 528 1236 682 1320; x_wconf 87' lang='lat' dir='ltr'><strong>praetores</strong></span> <span class='ocrx_word' id='word_1_106' title='bbox 709 1228 825 1296; x_wconf 82' lang='lat' dir='ltr'><strong>Atticos</strong></span> <span class='ocrx_word' id='word_1_107' title='bbox 852 1231 1018 1319; x_wconf 81' lang='lat' dir='ltr'><strong>praefectos</strong></span> <span class='ocrx_word' id='word_1_108' title='bbox 1053 1251 1123 1295; x_wconf 93' lang='lat' dir='ltr'><strong>esse</strong></span> <span class='ocrx_word' id='word_1_109' title='bbox 1148 1229 1289 1297; x_wconf 86' lang='lat' dir='ltr'><strong>coniicias</strong></span> 
     </span>
     <span class='ocr_line' id='line_1_13' title="bbox 109 1312 1289 1404; baseline 0.002 -25"><span class='ocrx_word' id='word_1_110' title='bbox 109 1312 202 1396; x_wconf 85' lang='lat' dir='ltr'><strong>iude,</strong></span> <span class='ocrx_word' id='word_1_111' title='bbox 232 1313 311 1399; x_wconf 86' lang='lat' dir='ltr'><strong>quod</strong></span> <span class='ocrx_word' id='word_1_112' title='bbox 330 1313 430 1379; x_wconf 84' lang='lat' dir='ltr'><strong>statim</strong></span> <span class='ocrx_word' id='word_1_113' title='bbox 456 1315 603 1382; x_wconf 89' lang='lat' dir='ltr'><strong>sociorum</strong></span> <span class='ocrx_word' id='word_1_114' title='bbox 624 1336 737 1400; x_wconf 88' lang='lat' dir='ltr'><strong>quoque</strong></span> <span class='ocrx_word' id='word_1_115' title='bbox 766 1337 859 1379; x_wconf 87' lang='lat' dir='ltr'><strong>naves</strong></span> <span class='ocrx_word' id='word_1_116' title='bbox 881 1320 1096 1396; x_wconf 74' lang='lat' dir='ltr'><strong>memorantur,</strong></span> <span class='ocrx_word' id='word_1_117' title='bbox 1135 1334 1289 1404; x_wconf 86' lang='lat' dir='ltr'><strong>compares</strong></span> 
     </span>
     <span class='ocr_line' id='line_1_14' title="bbox 110 1396 1289 1490; baseline 0 -25"><span class='ocrx_word' id='word_1_118' title='bbox 110 1396 210 1465; x_wconf 78' lang='lat' dir='ltr'><strong>locum</strong></span> <span class='ocrx_word' id='word_1_119' title='bbox 236 1419 297 1463; x_wconf 91' lang='lat' dir='ltr'><strong>uon</strong></span> <span class='ocrx_word' id='word_1_120' title='bbox 325 1397 497 1464; x_wconf 85' lang='lat' dir='ltr'><strong>dissimilem</strong></span> <span class='ocrx_word' id='word_1_121' title='bbox 519 1400 596 1490; x_wconf 90' lang='lat' dir='ltr'><strong>apud</strong></span> <span class='ocrx_word' id='word_1_122' title='bbox 617 1401 627 1464; x_wconf 91' lang='lat' dir='ltr'><strong>i</strong></span> <span class='ocrx_word' id='word_1_123' title='bbox 648 1422 712 1465; x_wconf 91' lang='lat' dir='ltr'><strong>sum</strong></span> <span class='ocrx_word' id='word_1_124' title='bbox 732 1399 942 1489; x_wconf 87' lang='lat' dir='ltr'><strong>Thucydidem</strong></span> <span class='ocrx_word' id='word_1_125' title='bbox 962 1399 1017 1469; x_wconf 85' lang='lat' dir='ltr'><strong>vl.</strong></span> <span class='ocrx_word' id='word_1_126' title='bbox 1037 1397 1095 1466; x_wconf 80' lang='lat'><strong>43:</strong></span> <span class='ocrx_word' id='word_1_127' title='bbox 1141 1397 1289 1485; x_wconf 77' lang='grc' dir='ltr'><strong><em>Τριήρεσι</em></strong></span> 
     </span>
     <span class='ocr_line' id='line_1_15' title="bbox 108 1423 1290 1571; baseline 0.003 -25"><span class='ocrx_word' id='word_1_128' title='bbox 108 1481 172 1568; x_wconf 66' lang='grc' dir='ltr'><strong>μὲν</strong></span> <span class='ocrx_word' id='word_1_129' title='bbox 188 1488 258 1559; x_wconf 74' lang='grc' dir='ltr'><strong><em>ταῖς</em></strong></span> <span class='ocrx_word' id='word_1_130' title='bbox 278 1479 392 1559; x_wconf 79' lang='grc' dir='ltr'><strong><em>πάσαις</em></strong></span> <span class='ocrx_word' id='word_1_131' title='bbox 411 1484 558 1570; x_wconf 77' lang='grc' dir='ltr'><strong><em>τέσσαρσι</em></strong></span> <span class='ocrx_word' id='word_1_132' title='bbox 584 1423 646 1550; x_wconf 68' lang='lat' dir='ltr'><strong>aad</strong></span> <span class='ocrx_word' id='word_1_133' title='bbox 657 1482 822 1571; x_wconf 87' lang='grc' dir='ltr'><strong><em>τριάκοντα</em></strong></span> <span class='ocrx_word' id='word_1_134' title='bbox 843 1486 894 1549; x_wconf 78' lang='grc' dir='ltr'><strong>καὶ</strong></span> <span class='ocrx_word' id='word_1_135' title='bbox 915 1481 1025 1550; x_wconf 77' lang='grc' dir='ltr'><strong><em>ἑκατὸν</em></strong></span> <span class='ocrx_word' id='word_1_136' title='bbox 1044 1486 1096 1550; x_wconf 79' lang='grc' dir='ltr'><strong>καὶ</strong></span> <span class='ocrx_word' id='word_1_137' title='bbox 1117 1486 1203 1549; x_wconf 74' lang='grc' dir='ltr'><strong><em>δυοῖν</em></strong></span> <span class='ocrx_word' id='word_1_138' title='bbox 1219 1481 1290 1550; x_wconf 83' lang='lat' dir='ltr'><strong>‘Po-</strong></span> 
     </span>
     <span class='ocr_line' id='line_1_16' title="bbox 110 1559 1290 1654; baseline 0.002 -21"><span class='ocrx_word' id='word_1_139' title='bbox 110 1566 194 1633; x_wconf 73' lang='lat' dir='ltr'><strong>nitore</strong></span> <span class='ocrx_word' id='word_1_140' title='bbox 212 1565 475 1654; x_wconf 84' lang='grc' dir='ltr'><strong><em>πεντηκοντόροιν·</em></strong></span> <span class='ocrx_word' id='word_1_141' title='bbox 496 1567 615 1635; x_wconf 75' lang='grc' dir='ltr'><strong><em>τούτων</em></strong></span> <span class='ocrx_word' id='word_1_142' title='bbox 631 1568 778 1635; x_wconf 77' lang='grc' dir='ltr'><strong><em>Ἀττικαὶ</em></strong></span> <span class='ocrx_word' id='word_1_143' title='bbox 798 1570 855 1653; x_wconf 76' lang='grc' dir='ltr'><strong>μὲν</strong></span> <span class='ocrx_word' id='word_1_144' title='bbox 875 1560 955 1653; x_wconf 76' lang='grc' dir='ltr'><strong><em>ἦσαν</em></strong></span> <span class='ocrx_word' id='word_1_145' title='bbox 975 1565 1100 1652; x_wconf 75' lang='grc' dir='ltr'><strong><em>ἑκατόν,</em></strong></span> <span class='ocrx_word' id='word_1_146' title='bbox 1123 1559 1167 1634; x_wconf 78' lang='grc' dir='ltr'><strong>ὧν</strong></span> <span class='ocrx_word' id='word_1_147' title='bbox 1187 1570 1221 1636; x_wconf 76' lang='grc' dir='ltr'><strong>αἱ</strong></span> <span class='ocrx_word' id='word_1_148' title='bbox 1232 1569 1290 1651; x_wconf 72' lang='grc' dir='ltr'><strong>μέν</strong></span> 
     </span>
     <span class='ocr_line' id='line_1_17' title="bbox 111 1648 1290 1741; baseline 0.001 -22"><span class='ocrx_word' id='word_1_149' title='bbox 111 1648 261 1738; x_wconf 65' lang='grc' dir='ltr'><strong><em>ἑξήκοντα</em></strong></span> <span class='ocrx_word' id='word_1_150' title='bbox 280 1661 413 1736; x_wconf 77' lang='grc' dir='ltr'><strong>ταχεῖαι,</strong></span> <span class='ocrx_word' id='word_1_151' title='bbox 440 1654 474 1720; x_wconf 79' lang='grc' dir='ltr'><strong>αἱ</strong></span> <span class='ocrx_word' id='word_1_152' title='bbox 495 1654 526 1720; x_wconf 76' lang='grc' dir='ltr'><strong>δ’</strong></span> <span class='ocrx_word' id='word_1_153' title='bbox 550 1653 642 1718; x_wconf 80' lang='grc' dir='ltr'><strong><em>άλλαι</em></strong></span> <span class='ocrx_word' id='word_1_154' title='bbox 662 1657 892 1741; x_wconf 75' lang='grc' dir='ltr'><strong><em>στρατιωτίιῖες·</em></strong></span> <span class='ocrx_word' id='word_1_155' title='bbox 920 1652 957 1719; x_wconf 80' lang='grc' dir='ltr'><strong><em>τὸ</em></strong></span> <span class='ocrx_word' id='word_1_156' title='bbox 983 1655 1019 1719; x_wconf 73' lang='grc' dir='ltr'><strong>δὲ</strong></span> <span class='ocrx_word' id='word_1_157' title='bbox 1048 1651 1125 1720; x_wconf 79' lang='grc' dir='ltr'><strong><em>άλλο</em></strong></span> <span class='ocrx_word' id='word_1_158' title='bbox 1145 1654 1290 1720; x_wconf 80' lang='grc' dir='ltr'><strong><em>ναυτικὸν</em></strong></span> 
     </span>
     <span class='ocr_line' id='line_1_18' title="bbox 110 1735 1290 1829; baseline 0 -24"><span class='ocrx_word' id='word_1_159' title='bbox 110 1738 204 1805; x_wconf 76' lang='grc' dir='ltr'><strong><em>Χάον</em></strong></span> <span class='ocrx_word' id='word_1_160' title='bbox 224 1739 276 1803; x_wconf 70' lang='grc' dir='ltr'><strong>καὶ</strong></span> <span class='ocrx_word' id='word_1_161' title='bbox 295 1744 357 1803; x_wconf 85' lang='grc' dir='ltr'><strong><em>τῶν</em></strong></span> <span class='ocrx_word' id='word_1_162' title='bbox 376 1736 479 1804; x_wconf 82' lang='grc' dir='ltr'><strong><em>άλλαιν</em></strong></span> <span class='ocrx_word' id='word_1_163' title='bbox 499 1735 679 1820; x_wconf 81' lang='grc' dir='ltr'><strong><em>ξυμμάχων.</em></strong></span> <span class='ocrx_word' id='word_1_164' title='bbox 720 1739 784 1804; x_wconf 89' lang='lat' dir='ltr'><strong>Iam</strong></span> <span class='ocrx_word' id='word_1_165' title='bbox 810 1759 884 1805; x_wconf 83' lang='lat' dir='ltr'><strong>vcro</strong></span> <span class='ocrx_word' id='word_1_166' title='bbox 910 1739 998 1804; x_wconf 83' lang='lat' dir='ltr'><strong>eliam</strong></span> <span class='ocrx_word' id='word_1_167' title='bbox 1023 1739 1089 1827; x_wconf 89' lang='lat' dir='ltr'><strong>ipse</strong></span> <span class='ocrx_word' id='word_1_168' title='bbox 1114 1758 1213 1805; x_wconf 85' lang='lat' dir='ltr'><strong>rerum</strong></span> <span class='ocrx_word' id='word_1_169' title='bbox 1235 1761 1290 1829; x_wconf 78' lang='lat' dir='ltr'><strong>ge·</strong></span> 
     </span>
     <span class='ocr_line' id='line_1_19' title="bbox 111 1822 1288 1909; baseline 0 -20"><span class='ocrx_word' id='word_1_170' title='bbox 111 1828 230 1889; x_wconf 83' lang='lat' dir='ltr'><strong>starum</strong></span> <span class='ocrx_word' id='word_1_171' title='bbox 248 1823 322 1890; x_wconf 86' lang='lat' dir='ltr'><strong>erdo</strong></span> <span class='ocrx_word' id='word_1_172' title='bbox 341 1823 443 1907; x_wconf 89' lang='lat' dir='ltr'><strong>docet,</strong></span> <span class='ocrx_word' id='word_1_173' title='bbox 472 1823 563 1890; x_wconf 90' lang='lat' dir='ltr'><strong>Thuc</strong></span> <span class='ocrx_word' id='word_1_174' title='bbox 586 1823 683 1889; x_wconf 90' lang='lat' dir='ltr'><strong>didem</strong></span> <span class='ocrx_word' id='word_1_175' title='bbox 705 1845 784 1888; x_wconf 91' lang='lat' dir='ltr'><strong>anno</strong></span> <span class='ocrx_word' id='word_1_176' title='bbox 805 1824 915 1906; x_wconf 84' lang='lat' dir='ltr'><strong>altero,</strong></span> <span class='ocrx_word' id='word_1_177' title='bbox 935 1822 1114 1909; x_wconf 88' lang='lat' dir='ltr'><strong>Moryohide</strong></span> <span class='ocrx_word' id='word_1_178' title='bbox 1136 1825 1288 1908; x_wconf 86' lang='lat' dir='ltr'><strong>archonte,</strong></span> 
     </span>
     <span class='ocr_line' id='line_1_20' title="bbox 111 1906 1289 2008; baseline 0 -33"><span class='ocrx_word' id='word_1_179' title='bbox 111 1907 215 1975; x_wconf 70' lang='lat' dir='ltr'><strong>[uiue</strong></span> <span class='ocrx_word' id='word_1_180' title='bbox 233 1914 411 1997; x_wconf 79' lang='lat' dir='ltr'><strong>praetorem:</strong></span> <span class='ocrx_word' id='word_1_181' title='bbox 446 1930 516 1974; x_wconf 88' lang='lat' dir='ltr'><strong>uam</strong></span> <span class='ocrx_word' id='word_1_182' title='bbox 570 1908 734 2008; x_wconf 87' lang='lat' dir='ltr'><strong>hucydides</strong></span> <span class='ocrx_word' id='word_1_183' title='bbox 762 1907 833 1973; x_wconf 89' lang='lat' dir='ltr'><strong>dicit</strong></span> <span class='ocrx_word' id='word_1_184' title='bbox 853 1914 914 1974; x_wconf 91' lang='lat' dir='ltr'><strong>tum</strong></span> <span class='ocrx_word' id='word_1_185' title='bbox 942 1906 1058 1973; x_wconf 91' lang='lat' dir='ltr'><strong>demum</strong></span> <span class='ocrx_word' id='word_1_186' title='bbox 1079 1907 1289 1995; x_wconf 86' lang='lat' dir='ltr'><strong>Thucydidem</strong></span> 
     </span>
     <span class='ocr_line' id='line_1_21' title="bbox 112 1989 1291 2060; baseline 0 -1"><span class='ocrx_word' id='word_1_187' title='bbox 112 1989 242 2059; x_wconf 84' lang='lat' dir='ltr'><strong>Samum</strong></span> <span class='ocrx_word' id='word_1_188' title='bbox 331 1994 431 2060; x_wconf 83' lang='lat' dir='ltr'><strong>emisse</strong></span> <span class='ocrx_word' id='word_1_189' title='bbox 451 2015 517 2059; x_wconf 87' lang='lat' dir='ltr'><strong>eum</strong></span> <span class='ocrx_word' id='word_1_190' title='bbox 542 1993 602 2059; x_wconf 88' lang='lat' dir='ltr'><strong>iam</strong></span> <span class='ocrx_word' id='word_1_191' title='bbox 622 2001 730 2059; x_wconf 84' lang='lat' dir='ltr'><strong>uterum</strong></span> <span class='ocrx_word' id='word_1_192' title='bbox 750 1992 905 2058; x_wconf 88' lang='lat' dir='ltr'><strong>obsidione</strong></span> <span class='ocrx_word' id='word_1_193' title='bbox 926 1992 1044 2057; x_wconf 87' lang='lat' dir='ltr'><strong>Samios</strong></span> <span class='ocrx_word' id='word_1_194' title='bbox 1065 1993 1210 2058; x_wconf 85' lang='lat' dir='ltr'><strong>cinxisset</strong></span> <span class='ocrx_word' id='word_1_195' title='bbox 1229 1994 1291 2059; x_wconf 89' lang='lat' dir='ltr'><strong>Pe·</strong></span> 
     </span>
     <span class='ocr_line' id='line_1_22' title="bbox 112 2076 1290 2167; baseline 0.002 -25"><span class='ocrx_word' id='word_1_196' title='bbox 112 2076 218 2144; x_wconf 84' lang='lat' dir='ltr'><strong>ricles.</strong></span> <span class='ocrx_word' id='word_1_197' title='bbox 282 2080 387 2145; x_wconf 90' lang='lat' dir='ltr'><strong>eouudi</strong></span> <span class='ocrx_word' id='word_1_198' title='bbox 407 2080 502 2167; x_wconf 83' lang='lat' dir='ltr'><strong>igitur</strong></span> <span class='ocrx_word' id='word_1_199' title='bbox 522 2079 593 2144; x_wconf 88' lang='lat' dir='ltr'><strong>anni</strong></span> <span class='ocrx_word' id='word_1_200' title='bbox 613 2084 766 2167; x_wconf 87' lang='lat' dir='ltr'><strong>praetores</strong></span> <span class='ocrx_word' id='word_1_201' title='bbox 788 2079 909 2144; x_wconf 84' lang='lat' dir='ltr'><strong>fuerunt</strong></span> <span class='ocrx_word' id='word_1_202' title='bbox 929 2076 1143 2166; x_wconf 83' lang='lat' dir='ltr'><strong>Thucydides,</strong></span> <span class='ocrx_word' id='word_1_203' title='bbox 1164 2078 1197 2144; x_wconf 92' lang='lat' dir='ltr'>H</span> <span class='ocrx_word' id='word_1_204' title='bbox 1239 2099 1290 2163; x_wconf 90' lang='lat' dir='ltr'><strong>no,</strong></span> 
     </span>
     <span class='ocr_line' id='line_1_23' title="bbox 110 2159 1291 2255; baseline 0 -27"><span class='ocrx_word' id='word_1_205' title='bbox 110 2159 278 2247; x_wconf 89' lang='lat' dir='ltr'><strong>Phormio,</strong></span> <span class='ocrx_word' id='word_1_206' title='bbox 299 2162 513 2255; x_wconf 84' lang='lat' dir='ltr'><strong>Tlepolemus,</strong></span> <span class='ocrx_word' id='word_1_207' title='bbox 533 2162 689 2245; x_wconf 80' lang='lat' dir='ltr'><strong>Anticles,</strong></span> <span class='ocrx_word' id='word_1_208' title='bbox 709 2163 863 2246; x_wconf 91' lang='lat' dir='ltr'><strong>Pericles,</strong></span> <span class='ocrx_word' id='word_1_209' title='bbox 883 2170 1009 2249; x_wconf 90' lang='lat' dir='ltr'><strong>quatuor</strong></span> <span class='ocrx_word' id='word_1_210' title='bbox 1029 2162 1095 2227; x_wconf 76' lang='lat' dir='ltr'><strong>aliia</strong></span> <span class='ocrx_word' id='word_1_211' title='bbox 1139 2185 1207 2228; x_wconf 90' lang='lat' dir='ltr'><strong>nam</strong></span> <span class='ocrx_word' id='word_1_212' title='bbox 1258 2186 1291 2228; x_wconf 89' lang='lat' dir='ltr'><strong>e·</strong></span> 
     </span>
     <span class='ocr_line' id='line_1_24' title="bbox 111 2246 1291 2338; baseline -0.001 -22"><span class='ocrx_word' id='word_1_213' title='bbox 111 2246 205 2317; x_wconf 78' lang='lat' dir='ltr'><strong>rieles</strong></span> <span class='ocrx_word' id='word_1_214' title='bbox 225 2247 283 2314; x_wconf 89' lang='lat' dir='ltr'><strong>hoe</strong></span> <span class='ocrx_word' id='word_1_215' title='bbox 302 2269 417 2336; x_wconf 79' lang='lat' dir='ltr'><strong>quoque</strong></span> <span class='ocrx_word' id='word_1_216' title='bbox 443 2270 521 2314; x_wconf 92' lang='lat' dir='ltr'><strong>anno</strong></span> <span class='ocrx_word' id='word_1_217' title='bbox 542 2248 689 2338; x_wconf 88' lang='lat' dir='ltr'><strong>praetoris</strong></span> <span class='ocrx_word' id='word_1_218' title='bbox 710 2270 834 2313; x_wconf 91' lang='lat' dir='ltr'><strong>munere</strong></span> <span class='ocrx_word' id='word_1_219' title='bbox 853 2249 973 2313; x_wconf 78' lang='lat' dir='ltr'><strong>functus</strong></span> <span class='ocrx_word' id='word_1_220' title='bbox 994 2255 1057 2330; x_wconf 90' lang='lat' dir='ltr'><strong>est,</strong></span> <span class='ocrx_word' id='word_1_221' title='bbox 1088 2249 1165 2335; x_wconf 87' lang='lat' dir='ltr'><strong>quod</strong></span> <span class='ocrx_word' id='word_1_222' title='bbox 1186 2248 1291 2315; x_wconf 85' lang='lat' dir='ltr'><strong>diluci-</strong></span> 
     </span>
     <span class='ocr_line' id='line_1_25' title="bbox 113 2326 1291 2420; baseline 0.001 -21"><span class='ocrx_word' id='word_1_223' title='bbox 113 2326 154 2399; x_wconf 86' lang='lat' dir='ltr'><strong>de</strong></span> <span class='ocrx_word' id='word_1_224' title='bbox 173 2332 327 2400; x_wconf 80' lang='lat' dir='ltr'><strong>Diodorus</strong></span> <span class='ocrx_word' id='word_1_225' title='bbox 348 2334 420 2399; x_wconf 78' lang='lat' dir='ltr'><strong>dicit</strong></span> <span class='ocrx_word' id='word_1_226' title='bbox 438 2333 508 2401; x_wconf 86' lang='lat' dir='ltr'><strong>XII.</strong></span> <span class='ocrx_word' id='word_1_227' title='bbox 524 2337 580 2400; x_wconf 78' lang='lat'><strong>27:</strong></span> <span class='ocrx_word' id='word_1_228' title='bbox 627 2334 667 2398; x_wconf 78' lang='grc' dir='ltr'><strong>Οἱ</strong></span> <span class='ocrx_word' id='word_1_229' title='bbox 687 2332 723 2397; x_wconf 72' lang='grc' dir='ltr'><strong>δὲ</strong></span> <span class='ocrx_word' id='word_1_230' title='bbox 743 2329 836 2397; x_wconf 89' lang='grc' dir='ltr'><strong><em>πάλιν</em></strong></span> <span class='ocrx_word' id='word_1_231' title='bbox 848 2332 1004 2418; x_wconf 67' lang='grc' dir='ltr'><strong><em>Περικλέα</em></strong></span> <span class='ocrx_word' id='word_1_232' title='bbox 1025 2329 1291 2420; x_wconf 63' lang='grc' dir='ltr'><strong><em>προχειρισάμενοι</em></strong></span> 
     </span>
     <span class='ocr_line' id='line_1_26' title="bbox 112 2416 1291 2518; baseline -0.005 -35"><span class='ocrx_word' id='word_1_233' title='bbox 112 2416 288 2504; x_wconf 73' lang='grc' dir='ltr'><strong><em>στρατηγὸν</em></strong></span> <span class='ocrx_word' id='word_1_234' title='bbox 300 2418 476 2501; x_wconf 70' lang='grc' dir='ltr'><strong><em>ἐξέπεμψαν</em></strong></span> <span class='ocrx_word' id='word_1_235' title='bbox 495 2419 545 2485; x_wconf 72' lang='grc' dir='ltr'><strong>ἐπὶ</strong></span> <span class='ocrx_word' id='word_1_236' title='bbox 565 2416 639 2494; x_wconf 73' lang='grc' dir='ltr'><strong><em>τους</em></strong></span> <span class='ocrx_word' id='word_1_237' title='bbox 659 2417 800 2498; x_wconf 78' lang='grc' dir='ltr'><strong><em>Σαμίους</em></strong></span> <span class='ocrx_word' id='word_1_238' title='bbox 818 2416 896 2499; x_wconf 81' lang='grc' dir='ltr'><strong><em>μετὰ</em></strong></span> <span class='ocrx_word' id='word_1_239' title='bbox 917 2423 993 2481; x_wconf 83' lang='grc' dir='ltr'><strong><em>νεῶν</em></strong></span> <span class='ocrx_word' id='word_1_240' title='bbox 1013 2416 1168 2500; x_wconf 75' lang='grc' dir='ltr'><strong><em>ἑξήκοντα,</em></strong></span> <span class='ocrx_word' id='word_1_241' title='bbox 1189 2440 1291 2518; x_wconf 67' lang='lat' dir='ltr'><strong>quarn.</strong></span> 
     </span>
     <span class='ocr_line' id='line_1_27' title="bbox 113 2502 1290 2655; baseline -0.002 -85"><span class='ocrx_word' id='word_1_242' title='bbox 113 2520 213 2655; x_wconf 62' lang='lat' dir='ltr'><strong>psum,</strong></span> <span class='ocrx_word' id='word_1_243' title='bbox 233 2510 267 2570; x_wconf 87' lang='lat' dir='ltr'><strong>ut</strong></span> <span class='ocrx_word' id='word_1_244' title='bbox 286 2504 363 2570; x_wconf 88' lang='lat' dir='ltr'><strong>haee</strong></span> <span class='ocrx_word' id='word_1_245' title='bbox 382 2504 483 2569; x_wconf 90' lang='lat' dir='ltr'><strong>omnia</strong></span> <span class='ocrx_word' id='word_1_246' title='bbox 502 2509 614 2569; x_wconf 90' lang='lat' dir='ltr'><strong>temere</strong></span> <span class='ocrx_word' id='word_1_247' title='bbox 634 2503 805 2586; x_wconf 85' lang='lat' dir='ltr'><strong>confundit,</strong></span> <span class='ocrx_word' id='word_1_248' title='bbox 839 2511 1030 2654; x_wconf 83' lang='lat' dir='ltr'><strong>praepostere</strong></span> <span class='ocrx_word' id='word_1_249' title='bbox 1051 2503 1122 2567; x_wconf 90' lang='lat' dir='ltr'><strong>dicit</strong></span> <span class='ocrx_word' id='word_1_250' title='bbox 1140 2502 1290 2569; x_wconf 80' lang='lat' dir='ltr'><strong>Periclem</strong></span> 
     </span>
     <span class='ocr_line' id='line_1_28' title="bbox 135 2585 1292 2679; baseline 0 -24"><span class='ocrx_word' id='word_1_251' title='bbox 135 2587 262 2655; x_wconf 81' lang='lat' dir='ltr'><strong>electrum</strong></span> <span class='ocrx_word' id='word_1_252' title='bbox 282 2609 351 2654; x_wconf 90' lang='lat' dir='ltr'><strong>esse</strong></span> <span class='ocrx_word' id='word_1_253' title='bbox 376 2589 484 2655; x_wconf 87' lang='lat' dir='ltr'><strong>iterum</strong></span> <span class='ocrx_word' id='word_1_254' title='bbox 514 2595 680 2679; x_wconf 85' lang='lat' dir='ltr'><strong>praetorem</strong></span> <span class='ocrx_word' id='word_1_255' title='bbox 706 2587 791 2653; x_wconf 89' lang='lat' dir='ltr'><strong>initio</strong></span> <span class='ocrx_word' id='word_1_256' title='bbox 818 2609 909 2652; x_wconf 88' lang='lat' dir='ltr'><strong>secun</strong></span> <span class='ocrx_word' id='word_1_257' title='bbox 930 2587 942 2651; x_wconf 94' lang='lat' dir='ltr'><strong>i</strong></span> <span class='ocrx_word' id='word_1_258' title='bbox 969 2587 1040 2652; x_wconf 90' lang='lat' dir='ltr'><strong>belli</strong></span> <span class='ocrx_word' id='word_1_259' title='bbox 1067 2585 1178 2653; x_wconf 86' lang='lat' dir='ltr'><strong>Samii:</strong></span> <span class='ocrx_word' id='word_1_260' title='bbox 1220 2608 1292 2655; x_wconf 86' lang='lat' dir='ltr'><strong>uam</strong></span> 
     </span>
     <span class='ocr_line' id='line_1_29' title="bbox 134 2671 1292 2774; baseline -0.001 -34"><span class='ocrx_word' id='word_1_261' title='bbox 134 2672 200 2739; x_wconf 83' lang='lat' dir='ltr'><strong>rius</strong></span> <span class='ocrx_word' id='word_1_262' title='bbox 219 2674 331 2740; x_wconf 90' lang='lat' dir='ltr'><strong>bellum</strong></span> <span class='ocrx_word' id='word_1_263' title='bbox 351 2680 446 2740; x_wconf 88' lang='lat' dir='ltr'><strong>ortum</strong></span> <span class='ocrx_word' id='word_1_264' title='bbox 467 2695 537 2739; x_wconf 90' lang='lat' dir='ltr'><strong>esse</strong></span> <span class='ocrx_word' id='word_1_265' title='bbox 556 2673 673 2737; x_wconf 87' lang='lat' dir='ltr'><strong>videtur</strong></span> <span class='ocrx_word' id='word_1_266' title='bbox 683 2673 780 2740; x_wconf 92' lang='lat' dir='ltr'><strong>medio</strong></span> <span class='ocrx_word' id='word_1_267' title='bbox 797 2671 863 2738; x_wconf 87' lang='lat' dir='ltr'><strong>fere</strong></span> <span class='ocrx_word' id='word_1_268' title='bbox 875 2693 965 2754; x_wconf 87' lang='lat' dir='ltr'><strong>anuo,</strong></span> <span class='ocrx_word' id='word_1_269' title='bbox 986 2671 1105 2774; x_wconf 83' lang='lat' dir='ltr'><strong>Olymp.</strong></span> <span class='ocrx_word' id='word_1_270' title='bbox 1116 2671 1292 2742; x_wconf 84' lang='lat' dir='ltr'>LXXXIV.</span> 
     </span>
     <span class='ocr_line' id='line_1_30' title="bbox 168 2757 1292 2849; baseline -0.003 -24"><span class='ocrx_word' id='word_1_271' title='bbox 168 2759 255 2826; x_wconf 87' lang='lat' dir='ltr'><strong>eiue</strong></span> <span class='ocrx_word' id='word_1_272' title='bbox 275 2759 411 2825; x_wconf 80' lang='lat' dir='ltr'><strong>interfuit</strong></span> <span class='ocrx_word' id='word_1_273' title='bbox 430 2767 461 2825; x_wconf 89' lang='lat' dir='ltr'><strong>et</strong></span> <span class='ocrx_word' id='word_1_274' title='bbox 481 2757 661 2849; x_wconf 81' lang='lat' dir='ltr'><strong>Sophocles,</strong></span> <span class='ocrx_word' id='word_1_275' title='bbox 695 2757 773 2843; x_wconf 90' lang='lat' dir='ltr'><strong>quod</strong></span> <span class='ocrx_word' id='word_1_276' title='bbox 791 2757 904 2825; x_wconf 88' lang='lat' dir='ltr'><strong>indicat</strong></span> <span class='ocrx_word' id='word_1_277' title='bbox 922 2759 1002 2822; x_wconf 88' lang='lat' dir='ltr'><strong>vitae</strong></span> <span class='ocrx_word' id='word_1_278' title='bbox 1023 2765 1150 2847; x_wconf 87' lang='lat' dir='ltr'><strong>scnptor</strong></span> <span class='ocrx_word' id='word_1_279' title='bbox 1179 2758 1227 2842; x_wconf 76' lang='grc' dir='ltr'><strong>(ἐν</strong></span> <span class='ocrx_word' id='word_1_280' title='bbox 1246 2761 1292 2847; x_wconf 73' lang='grc' dir='ltr'><strong><em>τῷ</em></strong></span> 
     </span>
     <span class='ocr_line' id='line_1_31' title="bbox 114 2841 1293 2933; baseline -0.003 -23"><span class='ocrx_word' id='word_1_281' title='bbox 114 2841 195 2931; x_wconf 73' lang='grc' dir='ltr'><strong><em>πρὸς</em></strong></span> <span class='ocrx_word' id='word_1_282' title='bbox 219 2844 350 2910; x_wconf 77' lang='grc' dir='ltr'><strong><em>Λυσίαν</em></strong></span> <span class='ocrx_word' id='word_1_283' title='bbox 375 2843 514 2933; x_wconf 72' lang='grc' dir='ltr'><strong><em>πολέμῳ)</em></strong></span> <span class='ocrx_word' id='word_1_284' title='bbox 542 2850 574 2909; x_wconf 91' lang='lat' dir='ltr'><strong>et</strong></span> <span class='ocrx_word' id='word_1_285' title='bbox 597 2841 749 2910; x_wconf 82' lang='lat' dir='ltr'><strong>Pericles:</strong></span> <span class='ocrx_word' id='word_1_286' title='bbox 785 2842 843 2908; x_wconf 87' lang='lat' dir='ltr'><strong>hoc</strong></span> <span class='ocrx_word' id='word_1_287' title='bbox 868 2843 978 2909; x_wconf 90' lang='lat' dir='ltr'><strong>bellum</strong></span> <span class='ocrx_word' id='word_1_288' title='bbox 1007 2863 1073 2910; x_wconf 91' lang='lat' dir='ltr'><strong>cum</strong></span> <span class='ocrx_word' id='word_1_289' title='bbox 1098 2842 1184 2908; x_wconf 88' lang='lat' dir='ltr'><strong>brevi</strong></span> <span class='ocrx_word' id='word_1_290' title='bbox 1210 2849 1293 2908; x_wconf 90' lang='lat' dir='ltr'><strong>esset</strong></span> 
     </span>
     <span class='ocr_line' id='line_1_32' title="bbox 114 2926 1292 3081; baseline -0.004 0"><span class='ocrx_word' id='word_1_291' title='bbox 114 2926 709 3081; x_wconf 57' lang='lat' dir='ltr'><strong>dlttliboltdlllhlt‘lll</strong></span> <span class='ocrx_word' id='word_1_292' title='bbox 723 2926 1292 3078; x_wconf 55' lang='lat' dir='ltr'><strong>,itllbhltlhbldtlhhb</strong></span> 
     </span>
     <span class='ocr_line' id='line_1_33' title="bbox 114 3062 1293 3189; baseline -0.006 -22"><span class='ocrx_word' id='word_1_293' title='bbox 114 3098 245 3167; x_wconf 80' lang='lat' dir='ltr'><strong>Persico</strong></span> <span class='ocrx_word' id='word_1_294' title='bbox 264 3105 401 3189; x_wconf 87' lang='lat' dir='ltr'><strong>satrapa,</strong></span> <span class='ocrx_word' id='word_1_295' title='bbox 427 3121 532 3165; x_wconf 86' lang='lat' dir='ltr'><strong>rursus</strong></span> <span class='ocrx_word' id='word_1_296' title='bbox 554 3098 705 3187; x_wconf 87' lang='lat' dir='ltr'><strong>potiuntur</strong></span> <span class='ocrx_word' id='word_1_297' title='bbox 724 3097 836 3163; x_wconf 90' lang='lat' dir='ltr'><strong>insula:</strong></span> <span class='ocrx_word' id='word_1_298' title='bbox 864 3119 920 3183; x_wconf 90' lang='lat' dir='ltr'><strong>quo</strong></span> <span class='ocrx_word' id='word_1_299' title='bbox 941 3062 1045 3163; x_wconf 83' lang='lat' dir='ltr'><strong>duutio</strong></span> <span class='ocrx_word' id='word_1_300' title='bbox 1066 3095 1203 3163; x_wconf 81' lang='lat' dir='ltr'><strong>Athenas</strong></span> <span class='ocrx_word' id='word_1_301' title='bbox 1224 3116 1293 3185; x_wconf 84' lang='lat' dir='ltr'><strong>per·</strong></span> 
     </span>
     <span class='ocr_line' id='line_1_34' title="bbox 115 3181 1293 3272; baseline -0.001 -23"><span class='ocrx_word' id='word_1_302' title='bbox 115 3182 179 3250; x_wconf 80' lang='lat' dir='ltr'><strong>lato</strong></span> <span class='ocrx_word' id='word_1_303' title='bbox 205 3206 224 3249; x_wconf 90' lang='lat' dir='ltr'><strong>e</strong></span> <span class='ocrx_word' id='word_1_304' title='bbox 265 3184 355 3249; x_wconf 86' lang='lat' dir='ltr'><strong>editio</strong></span> <span class='ocrx_word' id='word_1_305' title='bbox 381 3184 462 3249; x_wconf 90' lang='lat' dir='ltr'><strong>omui</strong></span> <span class='ocrx_word' id='word_1_306' title='bbox 487 3184 596 3249; x_wconf 83' lang='lat' dir='ltr'><strong>virium</strong></span> <span class='ocrx_word' id='word_1_307' title='bbox 624 3183 812 3247; x_wconf 87' lang='lat' dir='ltr'><strong>contentione</strong></span> <span class='ocrx_word' id='word_1_308' title='bbox 830 3190 968 3272; x_wconf 86' lang='lat' dir='ltr'><strong>paratur,</strong></span> <span class='ocrx_word' id='word_1_309' title='bbox 1003 3183 1050 3246; x_wconf 90' lang='lat' dir='ltr'><strong>cui</strong></span> <span class='ocrx_word' id='word_1_310' title='bbox 1069 3181 1206 3248; x_wconf 90' lang='lat' dir='ltr'><strong>Pericles</strong></span> <span class='ocrx_word' id='word_1_311' title='bbox 1226 3201 1293 3248; x_wconf 85' lang='lat' dir='ltr'><strong>cum</strong></span> 
     </span>
     <span class='ocr_line' id='line_1_35' title="bbox 115 3265 1293 3416; baseline -0.003 -82"><span class='ocrx_word' id='word_1_312' title='bbox 115 3266 269 3359; x_wconf 76' lang='lat' dir='ltr'><strong>Sophoce</strong></span> <span class='ocrx_word' id='word_1_313' title='bbox 288 3274 319 3334; x_wconf 85' lang='lat' dir='ltr'><strong>et</strong></span> <span class='ocrx_word' id='word_1_314' title='bbox 339 3271 446 3334; x_wconf 85' lang='lat' dir='ltr'><strong>ceteris</strong></span> <span class='ocrx_word' id='word_1_315' title='bbox 466 3267 653 3359; x_wconf 89' lang='lat' dir='ltr'><strong>praetoribus</strong></span> <span class='ocrx_word' id='word_1_316' title='bbox 663 3274 818 3416; x_wconf 72' lang='lat' dir='ltr'><strong>Epraeest3</strong></span> <span class='ocrx_word' id='word_1_317' title='bbox 838 3267 899 3333; x_wconf 88' lang='lat' dir='ltr'><strong>vid.</strong></span> <span class='ocrx_word' id='word_1_318' title='bbox 921 3267 994 3333; x_wconf 90' lang='lat' dir='ltr'><strong>Thu</strong></span> <span class='ocrx_word' id='word_1_319' title='bbox 1033 3267 1062 3331; x_wconf 89' lang='lat' dir='ltr'><strong>d.</strong></span> <span class='ocrx_word' id='word_1_320' title='bbox 1081 3266 1107 3331; x_wconf 92' lang='grc' dir='ltr'><strong>Ι.</strong></span> <span class='ocrx_word' id='word_1_321' title='bbox 1130 3267 1207 3332; x_wconf 82' lang='lat'>116:</span> <span class='ocrx_word' id='word_1_322' title='bbox 1246 3265 1293 3331; x_wconf 85' lang='lat' dir='ltr'><strong>fa·</strong></span> 
     </span>
     <span class='ocr_line' id='line_1_36' title="bbox 116 3351 1294 3441; baseline -0.003 -21"><span class='ocrx_word' id='word_1_323' title='bbox 116 3359 198 3420; x_wconf 80' lang='lat' dir='ltr'><strong>etum</strong></span> <span class='ocrx_word' id='word_1_324' title='bbox 217 3355 276 3419; x_wconf 92' lang='lat' dir='ltr'><strong>hoc</strong></span> <span class='ocrx_word' id='word_1_325' title='bbox 295 3361 343 3419; x_wconf 89' lang='lat' dir='ltr'><strong>est</strong></span> <span class='ocrx_word' id='word_1_326' title='bbox 362 3355 417 3419; x_wconf 90' lang='lat' dir='ltr'><strong>sub</strong></span> <span class='ocrx_word' id='word_1_327' title='bbox 439 3354 529 3419; x_wconf 88' lang='lat' dir='ltr'><strong>finem</strong></span> <span class='ocrx_word' id='word_1_328' title='bbox 550 3353 632 3418; x_wconf 90' lang='lat' dir='ltr'><strong>anni.</strong></span> <span class='ocrx_word' id='word_1_329' title='bbox 693 3351 853 3418; x_wconf 89' lang='lat' dir='ltr'><strong>tPericlcs</strong></span> <span class='ocrx_word' id='word_1_330' title='bbox 866 3351 982 3438; x_wconf 88' lang='lat' dir='ltr'><strong>quidem</strong></span> <span class='ocrx_word' id='word_1_331' title='bbox 1022 3352 1115 3416; x_wconf 90' lang='lat' dir='ltr'><strong>amios</strong></span> <span class='ocrx_word' id='word_1_332' title='bbox 1126 3371 1229 3441; x_wconf 83' lang='lat' dir='ltr'><strong>pugna</strong></span> <span class='ocrx_word' id='word_1_333' title='bbox 1239 3371 1294 3416; x_wconf 88' lang='lat' dir='ltr'><strong>ua·</strong></span> 
     </span>
     <span class='ocr_line' id='line_1_37' title="bbox 116 3436 1296 3526; baseline -0.002 -22"><span class='ocrx_word' id='word_1_334' title='bbox 116 3437 182 3505; x_wconf 82' lang='lat' dir='ltr'><strong>vali</strong></span> <span class='ocrx_word' id='word_1_335' title='bbox 202 3437 241 3504; x_wconf 86' lang='lat' dir='ltr'><strong>ad</strong></span> <span class='ocrx_word' id='word_1_336' title='bbox 260 3437 410 3526; x_wconf 80' lang='lat' dir='ltr'><strong>Tragiam</strong></span> <span class='ocrx_word' id='word_1_337' title='bbox 429 3439 508 3504; x_wconf 87' lang='lat' dir='ltr'><strong>fodit</strong></span> <span class='ocrx_word' id='word_1_338' title='bbox 531 3459 566 3503; x_wconf 89' lang='lat' dir='ltr'><strong>ao</strong></span> <span class='ocrx_word' id='word_1_339' title='bbox 591 3438 725 3526; x_wconf 80' lang='lat' dir='ltr'><strong>fugavit,</strong></span> <span class='ocrx_word' id='word_1_340' title='bbox 759 3457 931 3524; x_wconf 85' lang='lat' dir='ltr'><strong>quamquam</strong></span> <span class='ocrx_word' id='word_1_341' title='bbox 958 3457 1020 3502; x_wconf 90' lang='lat' dir='ltr'><strong>non</strong></span> <span class='ocrx_word' id='word_1_342' title='bbox 1047 3436 1169 3524; x_wconf 82' lang='lat' dir='ltr'><strong>integra</strong></span> <span class='ocrx_word' id='word_1_343' title='bbox 1197 3436 1296 3503; x_wconf 85' lang='lat' dir='ltr'><strong>classe</strong></span> 
     </span>
     <span class='ocr_line' id='line_1_38' title="bbox 115 3520 1296 3614; baseline -0.005 -23"><span class='ocrx_word' id='word_1_344' title='bbox 115 3523 272 3604; x_wconf 82' lang='lat' dir='ltr'><strong>utebatur3</strong></span> <span class='ocrx_word' id='word_1_345' title='bbox 297 3523 399 3614; x_wconf 91' lang='lat' dir='ltr'><strong>plures</strong></span> <span class='ocrx_word' id='word_1_346' title='bbox 420 3526 499 3589; x_wconf 93' lang='lat' dir='ltr'><strong>enim</strong></span> <span class='ocrx_word' id='word_1_347' title='bbox 520 3544 614 3588; x_wconf 86' lang='lat' dir='ltr'><strong>naves</strong></span> <span class='ocrx_word' id='word_1_348' title='bbox 636 3521 744 3589; x_wconf 86' lang='lat' dir='ltr'><strong>Chium</strong></span> <span class='ocrx_word' id='word_1_349' title='bbox 765 3529 796 3587; x_wconf 90' lang='lat' dir='ltr'><strong>et</strong></span> <span class='ocrx_word' id='word_1_350' title='bbox 814 3521 950 3588; x_wconf 89' lang='lat' dir='ltr'><strong>Lesbum</strong></span> <span class='ocrx_word' id='word_1_351' title='bbox 969 3521 1092 3588; x_wconf 87' lang='lat' dir='ltr'><strong>miserat</strong></span> <span class='ocrx_word' id='word_1_352' title='bbox 1112 3520 1161 3607; x_wconf 89' lang='lat' dir='ltr'><strong>qui</strong></span> <span class='ocrx_word' id='word_1_353' title='bbox 1183 3520 1296 3586; x_wconf 84' lang='lat' dir='ltr'><strong>auxilia</strong></span> 
     </span>
     <span class='ocr_line' id='line_1_39' title="bbox 117 3602 1295 3696; baseline -0.005 -21"><span class='ocrx_word' id='word_1_354' title='bbox 117 3616 324 3691; x_wconf 70' lang='lat' dir='ltr'><strong>messerent,</strong></span> <span class='ocrx_word' id='word_1_355' title='bbox 355 3609 417 3673; x_wconf 84' lang='lat' dir='ltr'><strong>vid.</strong></span> <span class='ocrx_word' id='word_1_356' title='bbox 439 3607 650 3696; x_wconf 79' lang='lat' dir='ltr'><strong>Thucydidesc</strong></span> <span class='ocrx_word' id='word_1_357' title='bbox 689 3605 864 3690; x_wconf 73' lang='grc' dir='ltr'><strong><em>Ἀθηναῖοι</em></strong></span> <span class='ocrx_word' id='word_1_358' title='bbox 890 3606 941 3686; x_wconf 75' lang='grc' dir='ltr'><strong>δέ,</strong></span> <span class='ocrx_word' id='word_1_359' title='bbox 972 3602 1015 3683; x_wconf 84' lang='grc' dir='ltr'><strong>ὡς</strong></span> <span class='ocrx_word' id='word_1_360' title='bbox 1035 3603 1174 3690; x_wconf 64' lang='grc' dir='ltr'><strong><em>ᾔσθοντο</em></strong></span> <span class='ocrx_word' id='word_1_361' title='bbox 1193 3611 1295 3671; x_wconf 78' lang='grc' dir='ltr'><strong><em>ταῦτα</em></strong></span> 
     </span>
     <span class='ocr_line' id='line_1_40' title="bbox 117 3688 1296 3776; baseline -0.006 -16"><span class='ocrx_word' id='word_1_362' title='bbox 117 3688 305 3769; x_wconf 72' lang='grc' dir='ltr'><strong><em>πλεάσαντες</em></strong></span> <span class='ocrx_word' id='word_1_363' title='bbox 331 3695 439 3758; x_wconf 77' lang='grc' dir='ltr'><strong><em>ναυσὶν</em></strong></span> <span class='ocrx_word' id='word_1_364' title='bbox 464 3690 611 3774; x_wconf 76' lang='grc' dir='ltr'><strong><em>ἑξήκοντα</em></strong></span> <span class='ocrx_word' id='word_1_365' title='bbox 636 3693 686 3758; x_wconf 70' lang='grc' dir='ltr'><strong>ἐπὶ</strong></span> <span class='ocrx_word' id='word_1_366' title='bbox 712 3688 838 3776; x_wconf 86' lang='grc' dir='ltr'><strong><em>Σάμου,</em></strong></span> <span class='ocrx_word' id='word_1_367' title='bbox 868 3700 937 3768; x_wconf 78' lang='grc' dir='ltr'><strong><em>ταῖς</em></strong></span> <span class='ocrx_word' id='word_1_368' title='bbox 960 3691 1018 3775; x_wconf 73' lang='grc' dir='ltr'><strong>μέν</strong></span> <span class='ocrx_word' id='word_1_369' title='bbox 1047 3689 1208 3757; x_wconf 72' lang='grc' dir='ltr'><strong><em>ἑκκαίδεκα</em></strong></span> <span class='ocrx_word' id='word_1_370' title='bbox 1233 3693 1296 3754; x_wconf 80' lang='grc' dir='ltr'><strong><em>τῶν</em></strong></span> 
     </span>
     <span class='ocr_line' id='line_1_41' title="bbox 117 3773 1297 3865; baseline -0.003 -22"><span class='ocrx_word' id='word_1_371' title='bbox 117 3782 197 3844; x_wconf 79' lang='grc' dir='ltr'><strong><em>νεῶν</em></strong></span> <span class='ocrx_word' id='word_1_372' title='bbox 216 3776 274 3844; x_wconf 74' lang='grc' dir='ltr'><strong><em>οὔκ</em></strong></span> <span class='ocrx_word' id='word_1_373' title='bbox 293 3774 463 3863; x_wconf 73' lang='grc' dir='ltr'><strong><em>ἐχρήσαντο</em></strong></span> <span class='ocrx_word' id='word_1_374' title='bbox 486 3778 608 3863; x_wconf 66' lang='grc' dir='ltr'><strong><em>(ἔτυχον</em></strong></span> <span class='ocrx_word' id='word_1_375' title='bbox 627 3776 686 3865; x_wconf 82' lang='grc' dir='ltr'><strong>γάρ</strong></span> <span class='ocrx_word' id='word_1_376' title='bbox 708 3778 742 3842; x_wconf 79' lang='grc' dir='ltr'><strong>αἱ</strong></span> <span class='ocrx_word' id='word_1_377' title='bbox 761 3777 818 3858; x_wconf 74' lang='grc' dir='ltr'><strong>μέν</strong></span> <span class='ocrx_word' id='word_1_378' title='bbox 837 3777 887 3843; x_wconf 76' lang='grc' dir='ltr'><strong>ἐπὶ</strong></span> <span class='ocrx_word' id='word_1_379' title='bbox 908 3778 1033 3864; x_wconf 77' lang='grc' dir='ltr'><strong><em>Καρίας</em></strong></span> <span class='ocrx_word' id='word_1_380' title='bbox 1054 3778 1096 3853; x_wconf 73' lang='grc' dir='ltr'><strong>εἰς</strong></span> <span class='ocrx_word' id='word_1_381' title='bbox 1117 3773 1297 3859; x_wconf 79' lang='grc' dir='ltr'><strong><em>προσκοπὴκ</em></strong></span> 
     </span>
     <span class='ocr_line' id='line_1_42' title="bbox 116 3860 1355 3946; baseline -0.006 -17"><span class='ocrx_word' id='word_1_382' title='bbox 116 3868 184 3929; x_wconf 82' lang='grc' dir='ltr'><strong><em>τῶν</em></strong></span> <span class='ocrx_word' id='word_1_383' title='bbox 207 3867 381 3929; x_wconf 81' lang='grc' dir='ltr'><strong><em>Φοινισσῶν</em></strong></span> <span class='ocrx_word' id='word_1_384' title='bbox 401 3869 476 3928; x_wconf 83' lang='grc' dir='ltr'><strong><em>νεῶν</em></strong></span> <span class='ocrx_word' id='word_1_385' title='bbox 498 3860 667 3946; x_wconf 77' lang='grc' dir='ltr'><strong><em>οἰχόμενοι,</em></strong></span> <span class='ocrx_word' id='word_1_386' title='bbox 700 3863 734 3927; x_wconf 77' lang='grc' dir='ltr'><strong>αἱ</strong></span> <span class='ocrx_word' id='word_1_387' title='bbox 755 3861 788 3927; x_wconf 83' lang='lat' dir='ltr'><strong>d’</strong></span> <span class='ocrx_word' id='word_1_388' title='bbox 811 3862 861 3928; x_wconf 78' lang='lat' dir='ltr'><strong>lul</strong></span> <span class='ocrx_word' id='word_1_389' title='bbox 881 3863 965 3929; x_wconf 79' lang='grc' dir='ltr'><strong><em>Χίου</em></strong></span> <span class='ocrx_word' id='word_1_390' title='bbox 987 3864 1037 3926; x_wconf 70' lang='grc' dir='ltr'><strong>καὶ</strong></span> <span class='ocrx_word' id='word_1_391' title='bbox 1057 3860 1189 3940; x_wconf 71' lang='grc' dir='ltr'><strong><em>Λέσβου</em></strong></span> <span class='ocrx_word' id='word_1_392' title='bbox 1211 3885 1297 3945; x_wconf 73' lang='grc' dir='ltr'><strong><em>περι·</em></strong></span> <span class='ocrx_word' id='word_1_393' title='bbox 1352 3890 1355 3897; x_wconf 92' lang='grc'><em>·</em></span> 
     </span>
     <span class='ocr_line' id='line_1_43' title="bbox 118 3945 1297 4035; baseline -0.004 -22"><span class='ocrx_word' id='word_1_394' title='bbox 118 3945 323 4035; x_wconf 74' lang='grc' dir='ltr'><strong><em>αγγέλλουσαι</em></strong></span> <span class='ocrx_word' id='word_1_395' title='bbox 343 3949 497 4035; x_wconf 74' lang='grc' dir='ltr'><strong><em>βοηθεῖν)</em></strong></span> <span class='ocrx_word' id='word_1_396' title='bbox 519 3945 748 4033; x_wconf 81' lang='grc' dir='ltr'><strong><em>τεσσαράκοντα</em></strong></span> <span class='ocrx_word' id='word_1_397' title='bbox 767 3948 803 4013; x_wconf 76' lang='grc' dir='ltr'><strong>δὲ</strong></span> <span class='ocrx_word' id='word_1_398' title='bbox 822 3950 913 4013; x_wconf 73' lang='grc' dir='ltr'><strong><em>ναυσὶ</em></strong></span> <span class='ocrx_word' id='word_1_399' title='bbox 934 3949 985 4012; x_wconf 79' lang='grc' dir='ltr'><strong>καλ</strong></span> <span class='ocrx_word' id='word_1_400' title='bbox 1005 3947 1162 4032; x_wconf 74' lang='grc' dir='ltr'><strong><em>τέτταρσι,</em></strong></span> <span class='ocrx_word' id='word_1_401' title='bbox 1197 3947 1297 4031; x_wconf 83' lang='grc' dir='ltr'><strong><em>Περι-</em></strong></span> 
     </span>
     <span class='ocr_line' id='line_1_44' title="bbox 118 4028 1297 4119; baseline -0.006 -19"><span class='ocrx_word' id='word_1_402' title='bbox 118 4032 230 4110; x_wconf 70' lang='grc' dir='ltr'><strong><em>κλέους</em></strong></span> <span class='ocrx_word' id='word_1_403' title='bbox 250 4028 379 4098; x_wconf 78' lang='grc' dir='ltr'><strong><em>δεκάτου</em></strong></span> <span class='ocrx_word' id='word_1_404' title='bbox 401 4033 498 4099; x_wconf 71' lang='grc' dir='ltr'><strong><em>αὐτοῦ</em></strong></span> <span class='ocrx_word' id='word_1_405' title='bbox 519 4038 772 4119; x_wconf 73' lang='grc' dir='ltr'><strong><em>στρατηγοῦντος,</em></strong></span> <span class='ocrx_word' id='word_1_406' title='bbox 794 4029 1012 4116; x_wconf 75' lang='grc' dir='ltr'><strong><em>ἐναυμάχησαν</em></strong></span> <span class='ocrx_word' id='word_1_407' title='bbox 1026 4030 1103 4118; x_wconf 83' lang='grc' dir='ltr'><strong><em>πρὸς</em></strong></span> <span class='ocrx_word' id='word_1_408' title='bbox 1115 4031 1245 4119; x_wconf 71' lang='grc' dir='ltr'><strong><em>Τραγίρ·</em></strong></span> <span class='ocrx_word' id='word_1_409' title='bbox 1257 4033 1297 4114; x_wconf 75' lang='grc' dir='ltr'><strong><em>τῇ</em></strong></span> 
     </span>
     <span class='ocr_line' id='line_1_45' title="bbox 118 4114 1299 4208; baseline -0.006 -23"><span class='ocrx_word' id='word_1_410' title='bbox 118 4115 206 4207; x_wconf 69' lang='lat' dir='ltr'><strong>etiope</strong></span> <span class='ocrx_word' id='word_1_411' title='bbox 227 4124 293 4183; x_wconf 80' lang='grc' dir='ltr'><strong><em>κτλ</em></strong></span> <span class='ocrx_word' id='word_1_412' title='bbox 336 4118 422 4184; x_wconf 87' lang='lat' dir='ltr'><strong>Haec</strong></span> <span class='ocrx_word' id='word_1_413' title='bbox 441 4119 510 4185; x_wconf 89' lang='lat' dir='ltr'><strong>dum</strong></span> <span class='ocrx_word' id='word_1_414' title='bbox 539 4126 684 4207; x_wconf 82' lang='lat' dir='ltr'><strong>geruntur</strong></span> <span class='ocrx_word' id='word_1_415' title='bbox 704 4115 868 4208; x_wconf 84' lang='lat' dir='ltr'><strong>Sophocles</strong></span> <span class='ocrx_word' id='word_1_416' title='bbox 889 4117 996 4185; x_wconf 82' lang='lat' dir='ltr'><strong>Chium</strong></span> <span class='ocrx_word' id='word_1_417' title='bbox 1019 4125 1050 4183; x_wconf 87' lang='lat' dir='ltr'><strong>et</strong></span> <span class='ocrx_word' id='word_1_418' title='bbox 1069 4116 1204 4181; x_wconf 80' lang='lat' dir='ltr'><strong>Lesbum</strong></span> <span class='ocrx_word' id='word_1_419' title='bbox 1225 4114 1299 4179; x_wconf 82' lang='lat' dir='ltr'><strong>adiit</strong></span> 
     </span>
    </p>
   </div>
   <div class='ocr_carea' id='block_1_3' title="bbox 119 4197 1299 4353">
    <p class='ocr_par' dir='ltr' id='par_1_4' title="bbox 119 4197 1299 4353">
     <span class='ocr_line' id='line_1_46' title="bbox 119 4197 1299 4353; baseline -0.008 -80"><span class='ocrx_word' id='word_1_420' title='bbox 119 4226 188 4273; x_wconf 88' lang='lat' dir='ltr'><strong>cum</strong></span> <span class='ocrx_word' id='word_1_421' title='bbox 208 4203 354 4286; x_wconf 87' lang='lat' dir='ltr'><strong>navibus,</strong></span> <span class='ocrx_word' id='word_1_422' title='bbox 373 4209 407 4269; x_wconf 90' lang='lat' dir='ltr'><strong>ut</strong></span> <span class='ocrx_word' id='word_1_423' title='bbox 425 4225 520 4269; x_wconf 88' lang='lat' dir='ltr'><strong>naves</strong></span> <span class='ocrx_word' id='word_1_424' title='bbox 540 4210 572 4269; x_wconf 90' lang='lat' dir='ltr'><strong>et</strong></span> <span class='ocrx_word' id='word_1_425' title='bbox 592 4205 692 4293; x_wconf 88' lang='lat' dir='ltr'><strong>copias</strong></span> <span class='ocrx_word' id='word_1_426' title='bbox 714 4208 893 4269; x_wconf 86' lang='lat' dir='ltr'><strong>arcesseret:</strong></span> <span class='ocrx_word' id='word_1_427' title='bbox 909 4201 997 4353; x_wconf 59' lang='lat' dir='ltr'><strong>ppod</strong></span> <span class='ocrx_word' id='word_1_428' title='bbox 1018 4201 1179 4269; x_wconf 89' lang='lat' dir='ltr'><strong>memoriae</strong></span> <span class='ocrx_word' id='word_1_429' title='bbox 1198 4197 1299 4301; x_wconf 80' lang='lat' dir='ltr'><strong>prodi·</strong></span> 
     </span>
    </p>
   </div>
   <div class='ocr_carea' id='block_1_4' title="bbox 120 4283 1297 4379">
    <p class='ocr_par' dir='ltr' id='par_1_5' title="bbox 120 4283 1297 4379">
     <span class='ocr_line' id='line_1_47' title="bbox 120 4283 1297 4379; baseline -0.008 -23"><span class='ocrx_word' id='word_1_430' title='bbox 120 4291 166 4357; x_wconf 92' lang='lat' dir='ltr'><strong>dit</strong></span> <span class='ocrx_word' id='word_1_431' title='bbox 186 4286 346 4379; x_wconf 84' lang='lat' dir='ltr'><strong>Sophoclis</strong></span> <span class='ocrx_word' id='word_1_432' title='bbox 367 4289 499 4378; x_wconf 87' lang='lat' dir='ltr'><strong>aequalis</strong></span> <span class='ocrx_word' id='word_1_433' title='bbox 526 4288 582 4355; x_wconf 92' lang='lat' dir='ltr'><strong>Ion</strong></span> <span class='ocrx_word' id='word_1_434' title='bbox 604 4289 681 4378; x_wconf 87' lang='lat' dir='ltr'><strong>apud</strong></span> <span class='ocrx_word' id='word_1_435' title='bbox 701 4285 889 4355; x_wconf 77' lang='lat' dir='ltr'><strong>Athenaeum</strong></span> <span class='ocrx_word' id='word_1_436' title='bbox 955 4286 994 4352; x_wconf 89' lang='grc' dir='ltr'><strong>Π.</strong></span> <span class='ocrx_word' id='word_1_437' title='bbox 1015 4309 1044 4376; x_wconf 92' lang='lat' dir='ltr'><strong>p.</strong></span> <span class='ocrx_word' id='word_1_438' title='bbox 1056 4286 1129 4352; x_wconf 81' lang='lat' dir='ltr'><strong>aba.</strong></span> <span class='ocrx_word' id='word_1_439' title='bbox 1150 4283 1193 4350; x_wconf 83' lang='lat' dir='ltr'><strong>F:</strong></span> <span class='ocrx_word' id='word_1_440' title='bbox 1237 4286 1297 4347; x_wconf 66' lang='grc' dir='ltr'><strong><em>ἕο-</em></strong></span> 
     </span>
    </p>
   </div>
   <div class='ocr_carea' id='block_1_5' title="bbox 0 0 1402 4770">
    <p class='ocr_par' dir='ltr' id='par_1_6' title="bbox 0 0 1402 4770">
     <span class='ocr_line' id='line_1_48' title="bbox 0 0 1402 4770; baseline 0 0"><span class='ocrx_word' id='word_1_441' title='bbox 0 0 1402 4770; x_wconf 95' lang='lat' dir='ltr'><strong> </strong></span> 
     </span>
    </p>
   </div>
  </div>
 </body>
</html>
