2768 4770
326 230 386 298 DE
406 227 1048 308 REL1Q.coutoun.ATT.dN'r1o.
1205 230 1271 306 m

102 398 193 468 Adde
203 398 359 466 Cratinum
370 399 521 464 Iuniorem
541 399 729 488 inOmphnle
750 398 1092 488 npudAthenaeumXV
1115 422 1144 491 p.
1153 401 1271 469 669B2

190 489 296 548 Πίνειν
315 484 447 564 μένοντα
467 485 520 549 τὸν
541 489 643 559 καλῶς
662 484 829 564 εὐδαίμονα

191 573 358 654 Κρεῖττον·
379 566 480 651 μάχης
502 568 532 632 δ’
557 568 675 633 άλλοισι
698 571 748 632 καὶ
770 566 865 632 πόνου
885 567 983 648 μίλοι.

102 657 146 721 ita
174 655 253 718 enim
284 654 418 741 corrige,
452 661 503 718 aut
527 651 626 735 μάχαι
652 652 684 717 δ’
715 650 835 717 άλλοισι
864 655 915 716 καὶ
947 649 1062 730 πόνος
1092 653 1190 736 μίλοι.
1231 655 1274 724 Et

101 748 260 830 praeterea
279 738 477 802 Menandrum
499 740 529 802 in
552 739 881 803 Heautontimorumeno
902 760 931 827 p.
946 739 989 806 55
1011 740 1057 805 ed.
1077 739 1229 807 Mulucha

194 822 280 887 Οίκοι
301 823 400 903 μίνειν
418 823 479 907 χρὴ
501 825 551 886 καὶ
572 823 671 903 μίνειν
691 820 853 906 ἐλεύθερον

178 905 226 971 Ἢ
252 906 360 990 μηκέτ’
385 904 458 970 εἶναι
486 908 540 971 τὸν
565 913 666 982 καλῶς
692 907 868 988 εὐδαίμονα.

101 995 147 1058 ita
168 1000 200 1056 ut
220 992 276 1068 hoc
298 992 414 1056 dicendi
437 1013 532 1079 genus
552 992 585 1055 in
606 993 792 1080 proverbium
815 993 925 1056 abiisse
947 992 1089 1059 videatur.
1132 992 1273 1062 Ceterum

102 1076 183 1167 apud
203 1075 389 1141 Athenaeum
417 1076 601 1141 scribendum
630 1085 675 1141 est
696 1079 728 1141 ἐν
745 1077 956 1152 Ὀδυσσεῦσιν,
983 1100 1044 1142 non
1066 1082 1098 1142 ἐν
1115 1076 1273 1157 Ὀδυσσεῖ,

102 1162 183 1248 qnod
203 1162 294 1247 vulgo
316 1162 435 1248 legitur.
467 1160 586 1242 Suidas,
608 1163 658 1225 uhi
680 1162 866 1250 Theopompi
888 1162 1003 1226 fabulas
1024 1177 1170 1246 recenset,
1191 1171 1272 1229 recte

101 1249 184 1313 hanc
210 1247 339 1310 sahulem
362 1245 518 1321 Ὀδυσσεῖς
544 1255 644 1310 vocat:
689 1254 773 1331 atque
801 1247 843 1310 ita
875 1247 962 1312 etiam
989 1247 1099 1311 Pollux
1124 1248 1192 1316 VH.
1214 1249 1272 1316 74:

106 1329 294 1411 Θεόπομπος
315 1329 345 1393 δ’
371 1332 402 1394 ἐν
419 1329 619 1395 Ὀδυσσεῦσιν
647 1332 694 1394 lul
717 1327 860 1394 διακόνου
882 1330 958 1416 ἔφη,
986 1329 1093 1396 λάσιον
1114 1335 1274 1416 ἔπιβεβλη·

101 1417 205 1500 μένος.
236 1415 347 1483 Verum
369 1424 504 1502 corrupte
526 1426 609 1497 sunt,
631 1437 705 1500 qnae
726 1416 866 1502 leguntur
887 1417 963 1504 apud
985 1415 1182 1482 Scholiastam
1201 1418 1276 1484 Ari-

103 1499 486 1589 stoph.Vesp.v.1337:
515 1503 581 1563 Καὶ
602 1500 687 1584 παρὰ
711 1499 886 1588 Θεοπόμπῳ
909 1501 1108 1567 ἕνιὈδυσσεῖ.
1142 1504 1275 1569 scriben-

103 1587 174 1652 dum
196 1587 227 1648 ἰν
245 1584 511 1648 Ὀδυσσεῦσιν·

190 1674 234 1735 A.
249 1667 313 1732 Ἵνα
334 1667 377 1750 μὴ
399 1668 434 1732 τὸ
456 1665 587 1732 παλαιόν
606 1673 698 1732 τοῦτο
720 1669 771 1730 καί
793 1667 1005 1752 θρυλούμενον

191 1752 246 1818 Δι’
269 1750 423 1837 ημετίρων
443 1749 604 1833 στομάτων
630 1752 704 1817 εἴπω
724 1748 874 1836 σόφισμα.
917 1757 957 1819 Β.
982 1755 1038 1838 Τίς

192 1841 237 1902 Α.
259 1837 299 1902 Ὅ
321 1864 397 1923 φασι
418 1840 532 1913 παῖδας
551 1839 699 1917 Λεσβίων
720 1833 817 1920 sciprio
837 1863 919 1901 ποτε.

107 1923 292 2009 Colloquitur
312 1923 428 2008 qunis,
450 1930 482 1987 nt
504 1923 619 1986 videtur
633 1922 749 1997 Ulixes,
774 1944 837 1986 cnm
860 1922 1001 2011 Cyclope,
1023 1929 1138 1989 etcum
1160 1931 1274 2014 turpem

106 2010 195 2073 istam
215 2030 277 2072 rem
305 2010 429 2072 ohscuro
457 2008 553 2092 aliquo
575 2010 665 2071 verho
693 2007 937 2094 significavisset,
965 2009 1039 2072 haec
1060 2009 1181 2074 adiecit:
1221 2012 1273 2075 ’ἵνα

106 2092 152 2175 μὴ
174 2092 208 2156 τὸ
221 2092 350 2156 παλαιὸν
362 2097 439 2173 κτλ,
460 2114 534 2178 qnae
556 2114 619 2156 cnm
634 2091 763 2179 Cyclops
776 2113 836 2155 non
858 2095 930 2158 sutis
951 2093 1143 2180 intelligeret,
1159 2098 1274 2180 quaerit

106 2200 149 2242 ex
177 2177 281 2259 Ulixe,
308 2179 353 2258 τίς
395 2185 454 2242 tum
482 2177 533 2241 ille
560 2199 624 2240 rem
650 2177 832 2277 explanans,
861 2175 878 2241 d
906 2202 983 2262 φασι
1010 2179 1139 2256 παῖδας,
1169 2181 1274 2266 inquit,

104 2264 254 2343 Λεσβίων
275 2258 371 2345 εῦρεΐυ
383 2286 464 2326 ποτε.
487 2261 539 2325 Sic
560 2262 637 2325 enim
659 2262 704 2326 ilh
724 2284 829 2326 versus
852 2263 1054 2328 conformandi
1066 2269 1146 2330 sunt.
1162 2263 1276 2330 Ὀδυσ-

105 2356 169 2423 σιῖς
190 2355 286 2411 antem
308 2369 428 2411 numero
450 2346 557 2433 plurah
577 2346 707 2410 sahulem
729 2347 880 2494 inscripsit
901 2341 1128 2436 Theopompus,
1157 2359 1190 2414 ut
1210 2351 1275 2417 Uli·

105 2453 176 2497 xem
204 2454 264 2496 una
295 2454 358 2496 cum
385 2433 473 2495 sociis
501 2431 769 2518 comprehenderet.
842 2430 925 2495 adem
947 2443 993 2496 est
1018 2435 1093 2497 ratio
1115 2433 1274 2501 Cratineae

104 2517 242 2597 fabulae,
284 2538 358 2601 quae
379 2524 408 2580 et
434 2517 500 2604 ipsu
525 2523 572 2578 est
600 2515 743 2603 inscripta
759 2513 1124 2603 'oenones-eiusdemque
1150 2519 1207 2583 fuit
1228 2543 1276 2586 ar·

132 2603 251 2666 umenti.

106 2623 130 2690 g
192 2685 408 2773 Argumentum
435 2684 511 2769 quod
537 2683 628 2747 luerit
653 2685 717 2749 eius
746 2685 930 2767 comoediae,
958 2706 1042 2770 quam
1065 2686 1275 2778 Theopompus

105 2772 234 2846 Παῖδας
256 2770 413 2858 appellavit
435 2778 464 2833 et
485 2791 558 2854 quae
579 2769 655 2832 ratio
677 2769 763 2833 huius
785 2762 926 2846 nominis,
950 2772 1006 2834 etsi
1028 2772 1099 2835 satis
1122 2772 1276 2840 obscurum

106 2862 171 2936 est,
191 2877 346 2943 possumus
368 2863 465 2919 tamen
487 2854 653 2918 coniectura
673 2875 734 2918 non
754 2854 939 3004 imppohahili
961 2856 1088 2941 assequi,
1110 2877 1165 2945 ope
1187 2860 1278 2946 potis·

108 2940 214 3004 simum
236 2941 299 3004 eins
325 2939 503 3025 fragmenti,
535 2939 612 3024 quod
631 2938 791 3006 PolluxV
824 2987 832 3005 .
853 2941 896 3007 66
917 2947 947 3004 et
967 2941 1071 3006 iterum
1091 2941 1131 3008 X.
1154 2943 1216 3009 181
1237 2963 1278 3010 ex
1286 2957 1324 3009 ι”ι

106 3025 166 3089 hac
185 3025 286 3088 lahula
307 3024 477 3110 adscripsit:
1175 3042 1178 3048 “

196 3111 293 3190 Τηνδὶ
315 3105 562 3192 περιζωσάμενος,
575 3103 640 3170 uide
661 3107 808 3193 λουτρίδα

194 3193 400 3273 Κατάδεσμον
423 3191 503 3275 ἥβης
523 3191 741 3274 περιπίτοισον.Ι

108 3277 192 3344 Satis
214 3279 290 3342 enim
314 3285 450 3366 apparet,
479 3277 527 3341 his
555 3276 689 3341 versibus
711 3277 836 3361 aliquem
856 3276 986 3357 moneri,
1007 3282 1041 3340 ut
1061 3276 1211 3365 cingulum
1232 3280 1279 3346 in·

110 3362 195 3442 duat,
238 3363 312 3448 quod
341 3365 435 3449 ipsum
470 3384 508 3425 ex
536 3382 608 3425 sene
635 3362 770 3425 iuvenem
801 3360 915 3427 reddat.
962 3356 1167 3443 Κατάδεσμος
1200 3365 1279 3432 enim

108 3455 388 3510 incantamentum
415 3454 476 3527 est,
510 3467 566 3531 quo
595 3465 685 3510 sensu
712 3445 864 3533 usurpavit
895 3447 972 3511 hanc
996 3467 1099 3511 vocem
1125 3448 1213 3515 Plato
1241 3451 1278 3516 de

107 3531 237 3619 Repnhl.
258 3533 298 3597 ll.
320 3555 348 3620 p.
360 3530 424 3598 364
443 3530 486 3595 B:
503 3527 647 3615 Ἀγάρται
668 3530 702 3596 δὲ
722 3532 772 3594 καὶ
792 3527 915 3610 μάντεις
931 3531 983 3599 ἐπὶ
1004 3532 1157 3598 πλουσίων
1176 3532 1281 3617 θύρας

109 3612 206 3690 ἰόντες
227 3619 395 3694 πείθουσιν,
417 3610 459 3691 ὡς
479 3613 542 3679 ἔστι
565 3611 649 3698 παρά
663 3639 769 3701 σφισιν
790 3612 974 3696 δάνομιςιέκ
994 3621 1077 3681 θεῶν
1088 3619 1280 3704 ποριζομένη,

108 3702 235 3776 θυσίαις
261 3726 293 3765 τε
321 3704 372 3765 καὶ
398 3701 544 3784 ἐπῳδαῖς,
587 3699 645 3765 εἴτε
671 3724 701 3764 τι
727 3697 864 3782 ἀδίκημά
895 3724 950 3764 του
984 3701 1102 3785 γέγονεν
1132 3701 1230 3768 αὐτοῦ
1258 3703 1280 3787 ἢ

108 3785 267 3868 προγόνων
273 3833 284 3863 ,
326 3786 470 3850 ἀκεῖσθαι
496 3786 572 3866 μεθ’
601 3780 720 3865 ἡδονῶν
745 3809 777 3848 τε
804 3787 856 3848 καὶ
889 3781 1017 3870 ἑορτῶν·
1060 3788 1111 3850 καί
1140 3784 1193 3853 ἐάν
1217 3789 1277 3854 τιν’

109 3869 227 3953 ἐχθρὸν
259 3877 396 3954 πημῆναι
426 3870 533 3954 tutan,
575 3867 653 3951 μετὰ
683 3874 820 3954 σμικρῶν
847 3871 992 3934 δαπανῶν
1024 3865 1136 3950 ὅμοίως
1164 3873 1282 3939 δίκαιον

109 3953 208 4040 ἀδίκῳ
234 3954 372 4037 βλάψαι,
407 3957 577 4037 ἐπαγωγαῖς
603 3956 741 4040 ceolnod
769 3956 973 4035 καταδέσμοις
996 3952 1070 4031 toth,¹
1096 3955 1205 4037 θεοάς,
1239 3956 1282 4036 ὥς

110 4064 221 4125 φασι,
239 4040 393 4116 πείθοντίς
421 4064 527 4125 σφισιν
552 4035 720 4121 ὑπηρετεῖν.
751 4047 781 4111 et
805 4039 849 4106 sk
869 4040 1059 4128 Phrynichus
1085 4039 1119 4106 in
1144 4042 1283 4111 Bekkerl

109 4122 276 4189 Anecdotis
299 4125 340 4191 T.
361 4125 387 4191 1.
408 4148 445 4213 p.
458 4128 511 4206 27,
533 4125 569 4190 6:
600 4123 773 4206 «Ἐπογωγιὶ.
790 4122 822 4187 δ’
846 4125 910 4195 ἐστὶ
934 4121 1124 4208 κατάδεσμοι
1144 4130 1196 4193 καὶ
1216 4152 1284 4195 τοι·
1318 4183 1321 4193 .

111 4213 206 4272 αῦται
231 4219 365 4291 γοητεῖαι
392 4206 572 4295 φαρμάκων·
590 4210 642 4273 καί
669 4208 821 4273 ἐπαοιδιῦν
845 4205 1072 4290 καὶυδαιμόνων
1099 4215 1284 4299 προτροπαί.

111 4302 145 4357 et
155 4293 291 4365 similiter
302 4295 408 4363 dicitur
418 4291 582 4370 ιιοιτάδεσιςΙ
592 4292 834 4383 apudPlutonem
849 4292 889 4361 de
900 4293 1040 4390 Legibus
1049 4293 1105 4365 XI.
1123 4318 1154 4387 p.
1163 4299 1284 4366 mlh
