2760 4792
76 1396 80 1401 .
150 1296 353 1424 haetenus,
376 1330 491 1429 siqui
515 1333 603 1407 forte
628 1342 744 1426 erunt,
772 1332 829 1431 qui
852 1335 918 1408 hue
942 1332 1085 1406 animum
1109 1334 1228 1405 aluer-

65 1456 149 1540 tant‚
175 1450 389 1548 inprimisque
414 1451 538 1525 annoos
561 1460 660 1549 atque
684 1453 864 1535 familiares
883 1452 984 1526 'velim
1006 1452 1105 1526 etiam
1129 1459 1227 1549 atque

63 1566 163 1638 etiam
186 1567 350 1660 monitos,
382 1576 419 1641 ut
442 1566 714 1667 Aristophanium
738 1569 823 1641 illud

143 1758 145 1765 .
216 1675 355 1780 Μηδὲν
379 1684 470 1782 παρ’
498 1685 608 1782 ἡμῶν
632 1681 847 1784 προσδοκᾶν
872 1683 957 1772 λίαν
981 1685 1078 1787 μέγα

64 1799 179 1889 sedulo
205 1809 340 1890 teneant
363 1802 400 1874 in
424 1801 490 1887 hoo
507 1803 608 1886 libro}
621 1801 816 1894 evolvendo,
841 1827 897 1894 ne,
923 1802 1030 1901 sicubi
1053 1810 1230 1899 exspecta-

64 1919 326 2011 tione-„multum
341 1918 621 2015 inferioraes'so,
655 1944 739 2019 quae
763 1920 801 1993 in
824 1919 967 2004 medium
990 1920 1137 2018 protuli,
1176 1922 1231 1994 in·

64 2028 278 2137 tellemrint,'
318 2061 355 2110 se
394 2027 557 2136 deeeptos
597 2063 671 2113 esse
711 2047 973 2135 conquerantur,
1017 2035 1113 2126 Fieri
1148 2063 1228 2111 sane

64 2148 169 2246 solet,
192 2162 233 2249 ut
256 2139 441 2253 principie,
464 2156 597 2255 siquis
623 2156 765 2229 animmn
789 2156 832 2228 ad
857 2155 1065 2229 scribendum
1086 2156 1230 2255 'adpule-

63 2272 128 2367 τῇ,
161 2273 285 2366 ΔἲειΙΙειρί4
314 2298 384 2372 spe·
408 2275 515 2361 elatus
548 2299 586 2346 se
619 2276 792 2373 praeclara
826 2274 986 2372 quaedam
1025 2276 1229 2372 prolaturum

63 2386 278 2487 maresque„
293 2390 485 2465 edoctorum
519 2416 594 2464 esse
627 2393 817 2482 existimet3
860 2393 921 2464 sed
950 2383 1085 2478 'iamin
1119 2392 1228 2466 medio
1338 2429 1341 2432 ⁴

64 2532 164 2606 opere
195 2532 275 2606 spes
307 2502 380 2600 illa
408 2509 531 2601 sensim
564 2511 750 2607 sensimque
783 2510 952 2596 euanescit
990 2517 1089 2607 atque
1121 2510 1229 2582 inanis

62 2625 187 2705 laboris
219 2619 364 2722 taedium
393 2624 573 2700 identidem
598 2628 749 2726 obrepit:
786 2627 887 2702 etad
913 2628 1038 2702 ealeem
1069 2628 1125 2699 ubi
1150 2652 1230 2725 per·

64 2744 230 2840 nonenim}
245 2743 294 2838 ihi
315 2768 397 2822 uero
428 2744 599 2843 intelliges
631 2754 666 2819 te
697 2746 796 2843 plane
829 2745 992 2832 deiectum
1024 2770 1098 2819 esse
1131 2753 1229 2842 teque
1328 2795 1330 2800 -

63 2861 299 2966 illius,p'‘quae
314 2885 356 2934 a
381 2862 580 2960 principio)
593 2864 735 2936 animum
769 2863 965 2944 incitaverat
988 2852 1031 2937 ‘et
1062 2872 1228 2957 erexerat,

64 2974 219 3078 vanitatis
244 2981 456 3076 uehementer
479 2981 634 3079 pudebit:
666 2983 733 3055 iam
758 2983 846 3054 enim
871 2981 1015 3076 senties,
1048 2989 1081 3054 te
1106 2981 1228 3078 ipsum,

63 3098 123 3198 qui
144 3098 230 3171 alios
255 3098 423 3192 (lecturus¹
436 3124 532 3194 eras,
559 3124 579 3172 a
606 3125 683 3174 uera
706 3101 857 3186 doctrina
881 3100 1074 3197 longissime
1100 3099 1229 3171 abesse.

64 3214 193 3298 Verum
225 3214 344 3290 eadem
378 3217 472 3308 laee
494 3217 698 3293 eonscientia
733 3242 816 3317 quae
848 3212 994 3290 ‘animum
1025 3215 1228 3316 profligavit,

64 3333 163 3420 etiam
178 3339 181 3342 ⁴
198 3333 329 3432 erigene
353 3334 470 3431 rursus
495 3344 529 3408 et
553 3336 748 3420 confirmare
773 3337 881 3430 solet,
915 3335 965 3408 ita
989 3341 1034 3408 ut.
1053 3334 1229 3423 attentiore

64 3451 185 3551 studio
206 3451 595 3554 venitatem-investiges
632 3455 828 3552 omninoque
860 3453 961 3526 alium
990 3439 1058 3526 iam
1082 3460 1122 3542 te
1155 3476 1230 3525 esse

64 3571 187 3650 sentias
220 3579 318 3669 atque
343 3560 446 3661 aneas
464 3572 590 3647 fueras.
636 3571 704 3647 Est
728 3573 816 3647 enim
849 3571 946 3645 labor
969 3571 1029 3644 ille
1053 3570 1229 3644 librorum·
1319 3576 1321 3578 ’

65 3713 127 3784 que
161 3689 472 3789 conscribendorum
505 3693 649 3765 studium
674 3691 769 3788 quasi
792 3690 926 3763 morbus
963 3688 1114 3787 quidun,
1150 3712 1229 3786 quo,

64 3808 129 3905 etsi
160 3808 355 3907 &felistim
368 3880 373 3905 ,·
387 3810 475 3884 uires
488 3870 492 3899 2
507 3817 653 3886 tentatae
685 3814 782 3902 sunt,
815 3817 989 3907 postquam
1022 3807 1165 3880 levatus‘
1178 3830 1228 3898 es,

62 3949 130 3997 non
155 3925 261 3998 solum
285 3925 459 4024 pristinam
483 3927 704 4002 valetudinem
719 3926 959 4032 recuperabis,
992 3948 1104 3997 verum
1131 3925 1230 3997 etiam

64 4042 213 4141 vigorem
232 4045 377 4118 'auctum
417 4041 645 4145 firmatumque
677 4070 751 4119 esse
773 4043 932 4119 senties:
983 4043 1032 4115 ita
1063 4040 1163 4114 etiam
1193 4039 1229 4111 in
1347 4128 1349 4131 Ι

62 4160 230 4235 eiusmodi,
251 4186 352 4261 opere
385 4163 460 4243 fieri
491 4155 602 4259 solet,⁷
630 4167 668 4238 ut
693 4163 839 4262 quamuis
865 4158 952 4259 quod
984 4158 1133 4256 petivisti
1163 4181 1230 4229 non
