2760 4792
297 216 357 285 DE
378 215 522 296 anuo.
542 213 730 285 conoul).
750 214 857 285 λΤΤ.
877 215 1023 294 numo.
1198 215 1243 289 4³

67 390 138 454 τοῦ
154 379 384 462 ’Λπόλλωνος
405 380 587 469 (τοξότης
606 382 677 470 γάρ
698 373 814 463 οὗτος
830 380 962 470 όθεάς)
985 381 1137 473 περιῄει
1154 410 1242 471 χρη-

68 475 269 556 σμολογῶν
297 477 426 546 πᾶσαν
451 468 520 555 τὴν
535 465 707 535 Ἑλλάδα.
756 471 855 557 (Haec
875 471 968 621 iplpius
989 471 1130 559 Lycurgi
1150 473 1243 536 verba

24 582 28 587 ’
68 557 209 625 ridentur
229 578 312 639 esse,
334 579 370 622 ea
390 577 479 638 vero,
506 577 583 643 quae
603 564 779 642 sequuntur,
805 563 875 620 sunt
925 556 1085 640 adocias),
1112 555 1244 642 Πατέρα

14 664 17 669 ’
69 640 103 709 θ’
127 639 196 724 έσχε
216 638 341 724 Σεόθην
361 642 413 706 καὶ
434 641 552 725 λέγεται
558 687 568 718 ,
607 637 654 705 ὅτι
680 637 894 726 συνεγράψατο
919 641 1080 728 χρησμοὺς
1100 640 1173 717 τοάς
1193 647 1245 707 λε-

68 726 213 813 γομένους
241 726 418 803 Σκυθινοάς
450 729 501 790 καὶ
531 721 634 810 γόμον
657 721 779 811 Ἕβρου
806 731 863 790 τοῦ
884 732 1026 806 ποταμοῦ
1046 728 1098 791 καί
1119 731 1244 814 καθαρ-

68 810 151 894 μοάς
170 813 221 875 καλ
245 812 420 897 Θεογονίαν.
463 810 526 876 Sed
551 811 618 875 'non
640 810 735 876 solum
756 809 899 876 Abaridis
920 811 1089 879 memoriam
1110 813 1244 878 recolue-

69 903 119 963 rat
138 896 317 984 Lycurgus,
350 916 451 964 verum
472 895 561 961 etiam
581 896 735 985 penuriam
756 896 893 983 frugum,
924 916 998 981 quae
1025 918 1090 961 oum
1115 897 1244 983 antiquis

69 981 250 1069 temporibus
261 988 352 1047 totum
364 981 429 1046 fere
442 987 588 1045 terrarum
598 982 699 1046 orbem
712 981 870 1062 obtineret,
886 987 986 1069 partes
994 980 1158 1069 expiandae
1165 982 1243 1046 cala-

69 1065 180 1131 unitatis
201 1064 327 1131 traditae
348 1072 434 1131 erant
453 1064 704 1148 Atheniensibus,
727 1066 806 1152 quod
826 1067 986 1132 memoriae
1008 1066 1130 1131 tradidit
1150 1065 1244 1132 Scho-

70 1150 160 1217 liasta
183 1150 395 1240 Aristophanis
420 1151 492 1218 ibid.
520 1172 625 1238 supra:
668 1151 845 1240 Lourgum
875 1151 964 1240 plane
991 1149 1115 1216 eandem
1135 1151 1245 1219 famam

71 1244 202 1301 secutum
223 1258 292 1303 esse
313 1242 434 1325 apparet
446 1258 486 1300 ex
507 1233 602 1301 Suida
622 1235 664 1300 Τ.
733 1237 875 1325 .p.183:
896 1237 1103 1322 Προηροσιάι·
1125 1235 1158 1300 αἱ
1185 1235 1245 1321 πρό

70 1325 128 1387 τοῦ
141 1318 263 1405 ’ἀρότου
283 1318 438 1405 γενόμεναι
458 1321 568 1384 θυσίαι
595 1323 662 1408 περὶ
683 1326 744 1387 τῶν
763 1317 935 1403 μελλόντων
955 1319 1083 1386 ἔσεσθαι
1105 1326 1244 1403 παρπῶν,

70 1401 150 1470 ώστε
175 1409 436 1491 τελεσφορεῖσθαι.
490 1404 629 1490 Ἐγένετο
657 1407 690 1470 δέ
719 1402 780 1471 ἀπὸ
804 1405 980 1489 Ἀθηναίων
1010 1403 1086 1492 ὑπὲρ
1123 1402 1246 1471 πάντων

54 1485 225 1580 ΙἘλλήνων
247 1486 472 1572 έὈλυμπιάάι.
515 1486 701 1576 Λυκοῦργός
731 1516 827 1578 φησιν
853 1493 885 1556 ἐν
912 1497 956 1580 τῷ
984 1489 1063 1556 κατά
1089 1493 1246 1556 Μενεσαί-

68 1595 163 1658 χμου·
206 1578 285 1641 Καὶ
302 1576 369 1662 γάρ
388 1581 452 1639 νῦν
473 1575 694 1653 πολλάςκαλ
714 1575 882 1661 μεγάλας
902 1572 991 1656 όμῖν
1009 1575 1127 1657 τιμάς
1148 1574 1246 1663 ἀφεί-

71 1664 123 1725 λω
150 1663 215 1725 καί
247 1663 345 1743 ζητῶ
376 1659 479 1743 παρὰ
506 1666 619 1725 πᾶσιν
642 1657 821 1740 Ἕλλησιν
851 1661 1156 1742 μαντευομένοις
1181 1660 1247 1726 τόν

71 1746 148 1811 Δία
170 1745 412 1829 προηροσίαν
433 1739 686 1824 ποιήσασθαι.
728 1743 814 1808 Haec
834 1764 1005 1828 quamquam
1026 1746 1099 1810 satis
1121 1746 1247 1812 obscura

70 1837 103 1896 et
122 1838 156 1895 ut
175 1831 294 1894 videtur
322 1833 477 1914 corrupta,
509 1833 608 1893 nmen
634 1827 671 1893 ad
692 1826 842 1975 Apollinis
863 1827 950 1891 istam
971 1827 1147 1915 religionem
1168 1831 1247 1896 rele-

69 1915 168 1986 renda
202 1933 320 1977 censeo.
372 1910 434 1976 Sed
461 1909 530 1974 nolo
558 1911 677 1976 diversa
707 1911 762 1974 ia
788 1916 817 1974 et
843 1932 932 1998 saepe
963 1912 1021 1975 sibi
1047 1913 1247 1998 adversantia,

69 2020 150 2087 quae
178 1997 216 2062 de
242 1995 375 2062 Abaride
405 1996 557 2078 feruutur,
589 2016 777 2083 componere:
819 1995 910 2061 multo
938 1996 1064 2061 certiora
1093 2018 1261 2086 possemus¹

70 2082 231 2168 consequi,
258 2081 285 2145 si
307 2087 437 2146 veterum
458 2080 528 2144 libri
549 2079 586 2144 de
607 2078 741 2145 Abaride
766 2087 868 2145 essent
894 2082 1075 2146 conservati:
1116 2090 1146 2147 et
1173 2084 1247 2149 scri-

71 2174 155 2233 serat
175 2166 212 2232 de
232 2165 366 2232 Abaride
387 2164 564 2231 Heraclides
590 2162 750 2248 Ponticus,
788 2165 815 2230 si
846 2172 944 2232 tanmn
971 2166 1044 2231 baec
1076 2189 1184 2235 revera
1209 2171 1247 2234 ab

71 2251 235 2318 Heraclide
256 2251 314 2315 isto
335 2252 467 2339 prolecta
487 2257 567 2332 sunt,
586 2249 645 2314 vid.
659 2248 887 2319 Grammaticum
908 2251 941 2314 iu
961 2250 1190 2319 Bekk.Anecd.
1204 2253 1247 2320 Τ.

73 2336 99 2403 l.
127 2357 156 2425 p.
183 2335 257 2417 145,
284 2339 336 2401 23.
364 2336 438 2418 178,
464 2335 517 2401 27.
544 2356 716 2435 quamnam
743 2336 863 2399 minime
890 2335 1030 2401 abhorret
1054 2338 1091 2401 ab
1118 2338 1247 2404 bominis

72 2421 208 2509 ingenio,
229 2441 314 2507 quem
331 2419 437 2486 Cicero
458 2420 614 2485 verissume
631 2355 706 2484 dicit
725 2420 887 2519 puerilibus
908 2420 1017 2488 fabulis
1037 2421 1131 2487 libros
1152 2425 1248 2488 refer-

73 2507 163 2571 sisse.
193 2504 235 2569 Et
254 2505 330 2570 mira
351 2504 491 2589 quaedam
503 2504 540 2570 de
550 2503 756 2605 Hyperboreos
767 2504 845 2570 idem
866 2504 899 2567 in
911 2504 988 2568 libro
1010 2505 1047 2570 de
1069 2507 1167 2571 anima
1188 2515 1248 2574 tra·

74 2589 166 2672 didit,
197 2588 259 2655 vid.
279 2589 432 2655 Plutarch.
459 2587 779 2655 accomodata:
817 2586 1019 2673 Ἡρακλείδης
1040 2588 1099 2675 γάρ
1122 2586 1138 2653 b
1160 2594 1249 2657 Πσν.

73 2671 174 2752 τινός,
217 2671 255 2738 od
282 2672 361 2738 notat
387 2679 450 2738 τῶν
471 2668 592 2756 χρόνων
621 2672 740 2738 ἐκείνων
766 2670 1017 2753 ἀπολειπόμενος,
1050 2675 1083 2740 ἐν
1108 2680 1153 2761 τῷ
1180 2677 1248 2785 περὶ

74 2764 181 2843 ψυχῆς
201 2755 416 2842 συγγράμματι
438 2761 533 2843 φησίν
557 2756 618 2823 ἀπὸ
640 2763 695 2841 τῆς
721 2755 852 2843 ἑσπέρας
879 2754 970 2842 λόγον
996 2769 1173 2867 κατασγμῖν,
1207 2787 1250 2840 ως

73 2842 208 2926 στρατός
235 2845 268 2919 ἐξ
288 2840 502 2929 Ὑπερβορέων
527 2842 631 2908 ἐλθών
661 2841 793 2920 έξωθεν,
835 2840 938 2928 ᾑρήκει
971 2839 1059 2909 πόλιν
1097 2847 1248 2930 Ελληνίόα

68 2924 201 3012 Ῥώμην
220 2929 285 2993 ἐκεῖ
301 2953 360 2992 που
382 2927 600 3013 κατῳκημένην
620 2930 687 3013 περὶ
708 2928 765 3011 τὴν
783 2925 918 3034 μεγάλην
942 2924 1118 2995 θάλασσαν.
1166 2931 1249 2997 Oda-

76 3017 132 3079 οὕν
163 3010 363 3093 θαυμάσαιμι
397 3008 533 3094 μυθώδη
566 3014 617 3076 καὶ
648 3015 844 3094 πλασματίαν
876 3011 950 3077 ὂντα
977 3013 1029 3078 τόν
1045 3010 1249 3099 Ἡρακλείδην

74 3097 194 3181 ἀληθεῖ
199 3093 279 3184 λόγῳ
291 3096 331 3162 τά
347 3100 413 3182 περὶ
426 3103 480 3180 τῆς
490 3093 631 3174 ἁλώσεως
642 3092 848 3177 ἐπικομπάσαι
863 3096 935 3174 τοάς
950 3094 1176 3183 Ὑπερβορέους
1196 3104 1248 3166 καὶ

55 3181 134 3266 Ιτὴν
158 3182 294 3266 μεγάλην
324 3180 495 3247 θάλατταν.
537 3183 587 3247 De
609 3183 814 3271 Hyperboreis
835 3189 940 3269 egerat
959 3184 1047 3248 etiam
1070 3184 1250 3270 Hecataeus,

96 3268 127 3334 ui
147 3289 210 3333 non
230 3268 327 3333 minus
348 3267 485 3333 fabulosa
505 3274 536 3331 et
556 3267 757 3332 commenticia
777 3267 895 3331 tradere
925 3268 1010 3348 solet,
1031 3269 1091 3333 vid.
1122 3270 1249 3336 Diodor.

74 3289 171 3420 Hicul.
192 3351 233 3417 H.
253 3351 312 3418 47:
357 3357 430 3416 Τών
455 3350 515 3436 γάρ
544 3349 600 3428 τάς
626 3352 760 3426 παλαιὰς
780 3352 973 3435 μυθολογίας
993 3352 1250 3439 ἀναγεγραφότων

71 3434 235 3513 Ἑκαταῖος
266 3437 320 3500 καί
346 3461 424 3511 τινες
455 3435 553 3520 έτεροί
573 3460 673 3524 ,φασιν
698 3437 731 3501 ἐν
755 3444 819 3511 τοΐς
841 3433 1004 3522 ἀντιπέραν
1023 3443 1079 3518 τῆς
1100 3441 1251 3525 Κελτικῆς

76 3517 186 3599 τόποις
205 3520 286 3586 κατά
307 3518 360 3586 τόν
377 3519 522 3585 Ὠκεανόν
543 3517 617 3586 εἶναι
637 3526 732 3604 νῆσον
753 3518 809 3584 οάκ
829 3516 945 3586 ἐλάττω
959 3527 1014 3605 τῆς
1024 3525 1164 3600 Σικελίας
1185 3531 1249 3592 κτλ.

75 3607 184 3694 Neque
205 3607 284 3672 enim
306 3606 442 3692 antiquus
463 3607 515 3672 ille
525 3605 693 3672 Hecataeus
713 3605 926 3693 intelligendus
948 3614 1004 3689 est,
1025 3609 1079 3674 sed
1091 3608 1250 3693 Abderita,

119 3715 166 3758 em
201 3691 239 3757 de
272 3690 477 3781 Hyperboreis
499 3691 656 3780 scripsisse
688 3697 789 3756 auctor
819 3697 867 3757 est
896 3690 1065 3758 Scholiasta
1096 3692 1251 3783 Apollonii

76 3713 193 3844 Hhodii
219 3775 260 3840 H.
292 3797 320 3841 v.
350 3778 428 3842 677:
476 3771 638 3852 Ἑκαταῖος
668 3776 702 3841 de*
726 3775 816 3860 μέχρι
842 3782 898 3840 τοῦ
926 3773 1022 3842 αὑτοῦ
1041 3773 1154 3864 χρόνον
1177 3777 1253 3845 εἶναι

79 3863 157 3949 φησλ
184 3860 220 3926 τό
249 3866 311 3925 τών
326 3856 550 3945 Ὕπερβορείων
570 3858 677 3938 έθνος·
708 3858 773 3927 ἐστι
793 3859 828 3926 δέ
847 3860 932 3951 αὐτῷ
952 3863 1061 3946 βιβλία
1081 3861 1249 3953 ἐπιγραφό-

76 3971 157 4030 μενα
179 3946 247 4031 περὶ
267 3951 330 4010 τῶν
345 3941 578 4031 Ὕπερβορείων.

165 4112 209 4179 Et
233 4114 278 4180 sic
304 4112 447 4181 Cratinus
473 4136 586 4202 quoque
613 4113 748 4204 respexit
771 4113 805 4180 in
831 4115 888 4180 hac
913 4115 1016 4181 fabula
1041 4125 1072 4182 et
1099 4093 1254 4184 renovavit

81 4220 129 4281 ea,
150 4219 226 4285 quae
247 4199 284 4264 de
295 4198 502 4288 Hyperboreis
522 4200 607 4288 vulgi
619 4221 671 4266 ore
691 4199 883 4268 ferebantur:
904 4201 961 4266 huc
981 4203 1110 4291 pertinet
1122 4203 1253 4290 quedle-

82 4282 166 4372 gitur
186 4283 264 4375 apud
283 4283 485 4373 Hesycbium:
527 4285 670 4373 Αἶθρια·
691 4286 849 4374 Κρατῖνος
864 4281 1021 4354 rumara
1063 4335 1067 4343 .
