2760 4792
482 253 485 257 ·
532 216 936 286 COMMENTATIONES

581 758 773 827 CAPUT
822 760 890 828 Vll.

242 982 439 1062 Theopompo·
461 980 650 1061 comoediam,
674 1001 748 1066 quae
769 979 873 1048 Venus
893 980 951 1045 fuit
971 978 1123 1069 inscripto,
1144 981 1317 1049 Athenaeus

150 1064 221 1135 Vll.
242 1067 307 1133 324
326 1066 364 1132 B.
386 1066 519 1131 adhibet:
545 1061 728 1141 Θεόπομπος
742 1064 928 1151 Ἀφροδίτη·

551 1147 637 1212 Ἀλλ’
660 1146 782 1233 ίντραγε

237 1233 304 1316 Τὴν
324 1234 437 1316 σηπίαν
457 1235 543 1314 τηνδὶ
565 1238 708 1314 λαβοῦσα
729 1236 779 1297 καί
800 1235 868 1297 τοδί

238 1318 284 1382 Τό
306 1317 535 1381 πουλυπόδειον.

151 1402 262 1472 Verum
283 1423 342 1466 non
369 1403 410 1466 ita
435 1401 588 1489 inscripsit
614 1402 740 1466 comicus
761 1402 907 1483 fabulam,
938 1401 991 1466 sed
1006 1400 1206 1487 Ἀφροδίσια,
1234 1402 1319 1469 sicuti

152 1488 239 1551 etiam
261 1485 428 1551 Scholiasta
448 1486 603 1573 Aristoph.
624 1487 703 1550 Plut.
725 1508 753 1550 v.
775 1488 838 1551 179
860 1488 1000 1575 appellat:
1022 1487 1116 1575 ipsum
1138 1498 1236 1553 auteur
1258 1490 1321 1553 fra·

153 1578 302 1658 gmentunr
332 1571 407 1656 quod
435 1570 523 1635 affert
551 1572 742 1653 Athenaeus,
779 1572 852 1635 satIs
884 1572 1065 1636 commendat
1096 1573 1175 1636 hunc
1206 1574 1319 1639 titulun

152 1655 369 1736 Aphrodisia.
413 1655 490 1720 Sunt
511 1657 588 1720 eninr
611 1657 684 1720 haec
707 1656 798 1720 verba
818 1657 998 1739 meretricis,
1025 1678 1099 1741 quae
1121 1657 1245 1723 amicam
1265 1658 1319 1723 nli·

171 1760 237 1803 uanr
258 1741 407 1821 hortatur,
428 1747 460 1803 ut
480 1742 592 1828 sepionr
614 1749 699 1825 atque
718 1741 857 1828 polypum
880 1740 1011 1805 comedat
1031 1742 1080 1806 die
1101 1742 1180 1806 festo
1200 1742 1319 1831 Aphro-

152 1761 311 1890 lisiorum:
353 1848 421 1889 nanu
449 1825 577 1890 Athenis
606 1825 707 1889 diebus
739 1827 825 1888 festis
853 1825 884 1887 in
912 1827 1047 1889 convivio
1072 1826 1120 1913 opi
1140 1848 1194 1891 aro
1219 1828 1322 1917 sepiae

150 1910 332 1996 potissimum
355 1917 385 1973 et
404 1910 567 1998 polypodes
590 1911 818 1997 opponebantur.
854 1909 899 1972 lta
920 1911 951 1973 in
973 1848 1222 1998 Thesmophoriis
1241 1912 1319 1977 inter

151 1994 241 2142 ubo}
253 1995 431 2144 coplpuisitos
452 1995 632 2076 reseruntur,
653 1995 713 2058 vid.
735 1995 888 2082 Aristoph.
906 1994 1227 2084 Thesmophoriouusis
1247 1996 1322 2063 olto-

149 2098 193 2142 urs
243 2103 267 2144 r.

235 2166 279 2227 A.
298 2161 401 2244 Ἰχθύς
422 2160 553 2242 ἐώνηταί
571 2186 617 2236 τις
637 2159 657 2243 ἢ
678 2165 819 2245 σηπίδιον

225 2246 274 2311 Ἢ
290 2253 352 2311 τῶν
374 2251 524 2309 πλατειῶν
549 2249 682 2331 καρίδων
709 2246 728 2328 ἢ
752 2243 937 2327 πουλύπους,

226 2330 275 2394 Ἢ
291 2337 394 2412 νῆστις
416 2329 528 2394 ὀπτᾶτ’
552 2328 571 2410 ἢ
592 2330 698 2414 γαλεός
718 2329 737 2413 ἢ
758 2335 911 2413 τευθίδες,

234 2419 274 2479 Β.
296 2415 357 2480 Μὰ
378 2415 432 2479 τόν
452 2414 510 2479 Δί’
532 2416 569 2478 οὐ
592 2414 667 2498 δῆτ’.
695 2419 741 2479 A.
768 2418 849 2480 Οὐδὲ
869 2419 973 2497 βατίςς
1000 2422 1041 2483 Β.
1066 2416 1152 2501 Οὐδ’,
1173 2418 1227 2505 ἤμ’Ι
1249 2418 1318 2507 lyci.

233 2503 277 2565 A.
304 2500 386 2564 Οὐδὲ
402 2496 497 2584 χόρι’,
520 2500 592 2564 οὐδὲ
611 2508 702 2576 πύος,
726 2501 794 2565 οὐδ’
818 2493 902 2586 ἧπαρ
923 2501 1054 2590 κόπρου,

240 2584 322 2650 Οὐδὲ
342 2582 509 2667 σχαδόνας,
532 2585 600 2648 οὐδ’
624 2586 764 2667 ἠτριαῖον
784 2587 937 2673 δέλφακος

239 2669 320 2734 Οὐδ’
346 2671 507 2754 ἐγχέλειον,
530 2668 601 2734 οὐδὲ
621 2667 757 2754 κάραβον
776 2672 873 2754 μίγαν

233 2757 266 2818 Γ
262 2757 360 2830 υναιξί
381 2752 579 2819 κοπιιόσαισιν
600 2753 837 2840 ἐπεκουρήσοιτες

151 2857 199 2921 lta
229 2856 306 2925 enim
341 2857 397 2919 ista
426 2856 594 2940 emendo.*)
637 2855 711 2920 Item
744 2857 776 2920 in
803 2858 1055 2945 Amphidronriis,
1084 2859 1161 2923 sicut
1190 2860 1315 2927 ‹liluciclc

152 2940 280 3005 ostendit
299 2939 452 3028 Ephippus
474 2943 505 3004 in
528 2939 668 3026 Geryone
690 2941 766 3030 apud
786 2940 1047 3008 Athenaeum-IX.
1070 2966 1098 3032 p.
1119 2946 1186 3013 370
1205 2946 1247 3011 D.
1267 2952 1316 3011 aut

152 3024 303 3106 Eubulus,
331 3046 369 3088 ex
395 3045 451 3109 quo
478 3025 529 3089 ille
557 3034 653 3089 mutuo
680 3025 735 3090 hos
756 3048 860 3091 versus
887 3029 1075 3093 transtulisse
1097 3028 1214 3097 videtur
1239 3030 1314 3097 conl.

152 3110 324 3174 Athenaeus
344 3109 384 3173 ll.
406 3131 434 3196 p.
456 3110 514 3189 65,
537 3109 592 3174 10:

232 3192 462 3278 Ἀμφιδρομίων
484 3190 594 3273 ὐντιον,
616 3194 648 3257 ἒν
669 3189 715 3270 οἷς
735 3195 884 3276 νομίζεται

230 3278 347 3341 Ὀπτᾶν
367 3302 399 3342 τε
422 3282 516 3360 τυροῦ
538 3280 765 3362 Χερσονησίτου
787 3277 910 3358 νόμους,

227 3359 337 3445 Ἕψειν
356 3363 383 3426 τ’
406 3365 497 3450 ε’λαιίρ
520 3358 658 3449 ῥάφανον
678 3362 888 3449 ἠγλαὶσμὲνην,

152 3551 453 3565 manno—*—

219 3666 245 3733 ·)
271 3668 422 3731 Legebatur
442 3684 469 3720 v.
486 3666 504 3719 4
521 3665 589 3718 οὐδέ
603 3664 670 3737 φημ’
691 3661 765 3736 lyci:
788 3668 892 3722 restitui
914 3667 1049 3737 antiquam
1065 3668 1187 3734 fornram,
1205 3686 1259 3737 qna
1273 3666 1315 3721 uni

149 3740 212 3788 suut
228 3735 334 3803 Sappho
352 3741 379 3786 et
394 3738 504 3788 Alcman
521 3737 589 3804 apud
609 3736 814 3790 Graminaticunr
832 3737 951 3789 Crameri
968 3740 1002 3792 Τ.
1015 3741 1037 3791 Ι.
1054 3755 1082 3805 p.
1099 3738 1160 3803 190,
1176 3736 1224 3791 20:
1235 3736 1314 3789 Ἠοῖ·

150 3796 334 3868 Δώσομεν,
352 3799 411 3866 ἠσὶ
428 3796 549 3870 πατήρ,
568 3804 656 3872 φησὶν
672 3799 828 3873 ἡΣαπφιό·
846 3800 901 3870 ἠτὶ
917 3802 949 3855 δὲ
965 3802 1173 3873 λέγει’Λλκμὰν
1189 3800 1254 3855 ἇντλ
1269 3801 1317 3857 τοῦ

149 3866 221 3934 ἠσίν.
257 3874 284 3921 et
304 3870 388 3921 iufra:
415 3865 444 3920 τό
471 3869 502 3921 δὲ
519 3873 595 3939 θέμα
618 3867 671 3941 ἠμί
691 3874 790 3939 γέγονε
813 3867 890 3939 παρὰ
913 3866 943 3923 τὸ
967 3872 1043 3940 φημὶ
1067 3868 1129 3923 κατ’
1156 3867 1315 3941 ἀφαίρεσιν.

150 3939 204 3990 Sed
225 3938 304 3989 etiam
322 3937 403 3990 Attici
424 3945 518 4006 poetae
541 3955 595 3990 nou
617 3940 750 4007 aspernati
771 3946 834 3993 suut
857 3941 925 3994 hunc
945 3940 1072 4007 formam,
1098 3939 1138 3992 uti
1154 3940 1317 4009 Hermippus

150 4006 220 4122 apupl
237 4005 364 4120 lelium,
383 4006 523 4074 p.o'2,1:
555 4003 635 4075 ΙΙαρό
653 4003 687 4072 δὴ
710 4008 758 4059 καὶ
767 4002 924 4075 Ἕρμιππος
945 4007 977 4061 ἐν
992 4001 1111 4073 Ἀθήνης
1132 4010 1231 4075 γοναῖς
1251 4004 1317 4075 alul!

148 4088 200 4125 αντ
228 4087 275 4123 τον
292 4086 393 4140 φησν·
621 4130 624 4137 ,

247 4149 277 4206 ‘0
293 4148 379 4221 Ζεύς,
397 4155 500 4228 δίδωμι
515 4150 641 4224 Παλλάς,
659 4153 717 4224 ἧσί,
735 4149 867 4228 τούνομα.

148 4257 175 4295 v.
191 4238 209 4294 5
225 4240 361 4305 legebatur
377 4236 443 4290 οὐδὲ
458 4234 569 4311 χόριον,
592 4243 728 4322 corrigunt
744 4239 777 4294 οὐ
790 4233 899 4365 χόριιίον.
922 4248 951 4297 et
964 4234 1048 4315 χόρια
1064 4242 1155 4313 potius
1169 4240 1252 4297 scribi
1266 4240 1317 4295 clo-

149 4310 244 4376 bebat,
262 4307 332 4377 quod
349 4308 505 4361 vocabulum
521 4309 577 4366 fera
593 4312 688 4379 plurali
704 4326 815 4365 numero
859 4311 977 4366 cisolet.
