2760 4792
299 256 301 260 ·
329 225 391 296 DE
410 223 553 304 numu.
572 224 761 295 COMOED.
780 225 888 297 ΔΤΤ.
906 227 1053 306 anule.
1203 233 1271 305 286

106 396 188 464 mine
213 394 329 479 sabula,
370 417 446 482 quae
476 402 572 460 unum
600 393 779 482 Antiphauis
806 417 845 461 an
872 394 1019 486 Epigonis
1046 408 1127 466 esset
1152 406 1269 470 veteres

108 481 279 546 dubitarunt
300 480 491 568 grammatici.
533 479 661 550 Videtur
681 488 776 546 autem
807 481 934 546 maxime
954 483 1010 547 hoc
1037 494 1210 572 argumento
1232 490 1269 556 ad

107 567 187 632 illam
209 567 351 650 rationem
373 564 530 630 ineundam
550 565 686 630 inductus
708 586 791 646 esse,
833 566 908 650 quod
929 568 971 631 ita
998 570 1125 635 sedecim
1151 572 1269 638 fabulae

107 673 126 715 a
154 650 248 715 Suida
272 658 499 715 recenseantur:
541 650 660 715 totidem
692 659 787 714 autem
815 650 950 716 docuisse
976 651 1145 719 Strattidem
1192 657 1270 723 rodit

108 735 234 824 scriptor
263 756 426 822 anonymus
454 734 491 799 de
517 735 681 799 comoedia:
724 745 754 799 et
784 746 864 800 recto
895 736 946 800 ille
973 739 1087 821 quidem
1121 761 1155 804 se
1172 677 1270 807 ianm

108 840 262 884 numerus:
305 840 407 885 verum
434 818 542 885 Suidas
574 826 763 908 praepostere
795 829 825 883 et
848 821 946 908 inepte
978 822 1078 888 titulos
1104 823 1269 893 fabularum

107 903 259 970 Strattidis
287 904 453 990 congessit,
479 905 521 968 ita
550 915 583 968 ut
607 906 662 968 hoc
688 904 802 988 quidem
829 915 1032 991 argumentum
1061 907 1134 972 nihil
1163 910 1269 977 valeat.

107 986 203 1053 Nobis
224 988 338 1073 quidem
366 991 455 1053 tutius
476 996 562 1074 atque
584 990 646 1054 ueri
674 1009 785 1074 quoque
807 991 931 1054 similius
955 992 1083 1072 videtur,
1103 993 1135 1056 iu
1158 992 1268 1060 Suidae

107 1072 165 1138 isto
187 1073 249 1137 loco
266 1071 394 1156 Ἀγαθσλ
416 1071 435 1155 ἠ’
453 1071 611 1157 Ἀργυρίου
632 1071 807 1160 ἀφανισμός
828 1076 973 1140 scribere:
995 1077 1068 1140 satis
1089 1077 1168 1143 enim
1189 1090 1268 1143 uter-

107 1179 164 1244 que
197 1158 297 1222 titulus
329 1158 448 1222 fabulae
480 1166 654 1259 argumento
684 1160 829 1224 conuenit
870 1160 948 1223 Nam
975 1160 1170 1226 Pherecrates
1204 1162 1268 1228 sive

107 1244 269 1328 quicunque
290 1242 365 1306 alius
386 1249 497 1324 auctor,
518 1265 549 1307 m
572 1244 627 1306 hac
640 1245 798 1324 comoedia,
820 1253 956 1329 quantum
973 1246 1088 1329 quidem
1109 1246 1287 1329 divinando,

108 1329 226 1412 assequi
247 1326 325 1406 licet,
345 1327 433 1393 linxit
454 1349 572 1392 aureum
595 1328 678 1413 quasi
700 1329 842 1413 quoddam
863 1329 1010 1393 saeculum
1032 1351 1136 1395 rursus
1157 1332 1268 1431 redire,

108 1433 171 1476 cum
193 1433 295 1476 aurum
316 1414 501 1494 evanuisset,
528 1414 610 1477 cuius
633 1412 779 1477 illecebris
801 1425 887 1498 atque
908 1414 1079 1496 lenociniis,
1106 1436 1170 1482 cum
1192 1424 1270 1505 captu

108 1503 278 1561 tenerentur
309 1494 465 1578 homiues,
508 1496 686 1584 gravissima
727 1519 837 1562 morum
873 1499 1037 1599 corruptela
1073 1522 1107 1564 ac
1148 1500 1269 1566 mutatio

108 1590 187 1646 esset
213 1588 334 1661 exorta,
365 1603 420 1666 quo
442 1581 557 1664 quidem
583 1579 700 1644 saeculo
729 1582 862 1646 homines
883 1584 970 1647 otiosi
996 1593 1027 1647 et
1052 1582 1128 1650 labis
1150 1585 1269 1650 omniuo

107 1673 244 1754 expertes
269 1665 359 1728 vitam
387 1666 461 1727 bene
489 1665 630 1748 beateque
663 1666 881 1750 transigerentz
922 1668 964 1730 ita
984 1688 1020 1730 uo
1050 1668 1151 1732 sabula
1182 1669 1269 1735 modo

104 1745 230 1833 'Ayattol
252 1747 337 1812 modo
353 1746 512 1829 Ἀργυρίου
535 1746 708 1829 ἀφανισμός
729 1759 775 1810 est
794 1749 886 1811 inseri
906 1758 944 1812 ta.
965 1688 1006 1813 iit
1027 1751 1081 1814 hoc
1102 1753 1268 1817 comoediae

107 1842 311 1920 argumentum
333 1832 420 1894 etiam
446 1830 499 1894 ille
526 1829 606 1893 locus
627 1829 771 1911 illustrat,
798 1852 854 1915 quo
877 1770 1048 1897 dthenaeus
1067 1834 1135 1903 XV.
1156 1858 1184 1923 p.
1205 1837 1270 1902 658

106 1916 144 1982 B.
172 1917 279 1995 utitur,
307 1916 355 1979 ubi
382 1914 419 1978 de
448 1914 566 1979 corollis
594 1914 727 1979 disserit:
770 1917 842 1980 Κάν
867 1927 930 1991 τοῖς
956 1917 1209 2004 ἐπιγραφομένοις
1234 1919 1270 1984 δὲ

70 2023 73 2029 ’
100 1999 248 2084 Ἀγαθοῖς
272 1996 464 2105 Φέρεκράτης
483 1995 502 2080 ἢ
524 1995 673 2083 Στράττις
694 1999 787 2084 φησί·

190 2087 389 2164 Λοασαμινοι
411 2085 445 2147 δὲ
466 2083 525 2167 πρὸ
547 2089 691 2165 λαμπρᾶς

186 2166 322 2250 Ἡμέρας
343 2170 375 2230 ἓν
396 2177 459 2241 τοῖς
480 2165 731 2251 στεφανώμασιν,
754 2167 783 2231 oi
804 2165 836 2232 δ’
860 2169 892 2232 ἓν
912 2175 956 2258 τῷ
976 2166 1067 2260 μόρῳ

190 2255 325 2316 Λαλιῖττ
347 2255 412 2333 περὶ
434 2258 624 2333 σισυμβρίων
645 2250 903 2330 κοσμοσανδάλων
919 2255 997 2339 rest)

106 2336 253 2422 Loquitur
265 2337 342 2400 enim
365 2345 450 2424 poeta
463 2336 571 2402 devita
594 2339 678 2401 beata
698 2337 826 2419 illorum,
848 2339 896 2423 qui
918 2361 979 2404 nou
1000 2345 1032 2403 ul
1046 2339 1115 2405 olim
1136 2339 1268 2428 publicas

105 2443 155 2487 res
188 2431 308 2509 crepent
334 2421 366 2484 in
391 2422 475 2504 loro,
515 2423 569 2486 sed
597 2422 628 2484 in
655 2423 815 2508 unguentis
843 2436 872 2487 et
898 2424 1016 2488 corollis
1045 2426 1269 2513 tempusvario

107 2527 242 2570 sermone
265 2505 377 2569 lallaut.
419 2506 454 2570 Iu
477 2507 542 2569 loro
565 2515 658 2570 autem
689 2509 884 2593 unguentario
911 2518 941 2571 et
962 2507 1118 2572 corollario
1141 2508 1269 2575 Athenis

105 2589 240 2656 homines
262 2590 348 2654 otiosi
375 2590 557 2654 confabulari
578 2590 728 2670 solebant,
756 2590 815 2656 vid.
836 2612 934 2678 supra.
978 2592 1099 2679 Cupiam
1122 2602 1217 2657 autem
1239 2600 1269 2657 et

107 2674 288 2739 affluentiam
305 2674 431 2739 omnium
453 2696 550 2739 rerum
574 2695 610 2738 eo
632 2696 705 2739 aevo
726 2676 853 2740 futuram
875 2698 942 2740 esse
964 2689 1050 2765 poeta
1064 2677 1160 2758 linxit,
1182 2698 1269 2763 quor-

106 2779 171 2822 sum
197 2767 330 2846 spectare
357 2758 485 2823 arbitror
508 2758 576 2824 illos
602 2780 723 2840 versus,
750 2780 822 2844 quos
844 2761 1015 2826 Athenaeus
1035 2761 1074 2825 X.
1096 2785 1124 2851 p.
1145 2763 1208 2827 415
1231 2759 1268 2828 C.

106 2842 211 2907 affert:
257 2839 405 2916 Τοιοῦτός
435 2846 499 2907 ἐστι
533 2846 583 2907 καὶ
616 2839 632 2907 ὁ
659 2841 744 2930 παρὰ
772 2843 952 2933 Φερεκράτει
984 2845 1002 2931 ἢ
1041 2844 1205 2936 Στράττιδι
1241 2849 1274 2914 lv

98 2923 261 3012 Ἀγαθοῖς,
283 2930 350 3008 περὶ
374 2917 411 2991 οὗ
432 2949 539 3013 φησιν·

75 3051 81 3059 -
188 3017 233 3077 A.
251 3011 333 3094 Ἐγὼ
354 3016 506 3075 κατεσθίω
526 3009 614 3092 μόλις
634 3017 689 3092 τῆς
709 3009 825 3096 ἡμέρας

189 3097 294 3160 Πόνθ’
318 3092 496 3177 ἡμιμέδιμν’
519 3097 572 3161 ἐὰν
592 3094 755 3178 βιάζωμαι.
798 3099 837 3160 Β.
859 3092 979 3180 Mller,-

185 3177 242 3255 Ὡς
263 3180 429 3263 ὀλιγόσιτος
450 3172 529 3263 ἦσθ’
554 3180 616 3265 ἄρ’,
645 3179 678 3256 ὃς
700 3183 869 3258 κατεσθίεις
1088 3209 1089 3212 ’

193 3269 259 3349 Τῆς
282 3262 399 3350 ἡμέρας
418 3271 540 3351 μακρᾶς
560 3262 703 3352 τριήρους
724 3267 787 3331 σιτ(
806 3309 815 3329 .

174 3567 203 3634 ·)
228 3568 345 3620 Λαλεῖτε
362 3568 528 3624 scribendum
544 3565 602 3622 ess'e
619 3569 752 3640 perspexit
768 3570 905 3624 Dobraeur
923 3569 956 3622 ad
972 3569 1107 3641 Aristoph.
1124 3571 1268 3628 Ecclesiae.

106 3651 134 3704 p.
146 3636 209 3700 1963
227 3653 287 3688 uam
299 3636 510 3703 coddtaler'tar,
528 3640 598 3706 quod
615 3647 642 3692 et
658 3639 804 3692 sententiae
821 3646 847 3691 et
865 3639 980 3690 numeris
997 3639 1157 3706 adversatur,
1175 3657 1269 3708 quam-

108 3721 185 3772 quam
203 3707 281 3768 vulgo
299 3703 368 3757 lrunc
384 3722 488 3757 versum
506 3723 559 3758 non
581 3708 644 3760 satir
663 3718 733 3759 recte
750 3707 776 3758 ln
795 3708 847 3759 duo
864 3709 981 3758 membru
997 3707 1204 3777 discerpserunt,
1228 3715 1270 3762 est

106 3771 176 3824 enim
195 3771 361 3839 Errripideus,
379 3791 455 3840 quem
473 3776 605 3843 appellant
622 3775 791 3826 Grammatici
822 3775 876 3828 rid.
897 3777 937 3826 He
956 3773 1057 3828 haestio
1075 3795 1100 3844 p.
1120 3775 1170 3828 94:
1186 3772 1269 3827 ’Άλλο

107 3833 204 3890 τούτου
223 3838 334 3890 ἔλαττον
351 3835 419 3890 κατά
438 3835 486 3903 τὴν
512 3842 668 3893 τελευταίαν
692 3815 829 3907 σολλαβδρν
851 3837 881 3893 τὸ
900 3794 1073 3910 καδοόμενον
1090 3838 1271 3916 Εὐριπίδειον

106 3901 506 3977 τεσσαρεσκαιδεκασάλλαβονς
524 3900 585 3960 οἷον
602 3903 678 3978 παρά
695 3908 749 3978 μὲν
766 3905 841 3981 αὐτῷ
857 3905 1012 3982 Εὖριπίδρ·

206 3983 288 4055 Ἑῷος
304 3984 376 4058 ἡνίχ’
397 3983 517 4052 ἱππότας
532 3991 690 4064 ἐξέλαμψεν
706 3984 801 4065 ἀστήρ.

107 4064 184 4143 παρά
202 4071 232 4125 δὲ
248 4067 433 4143 Καλλιμάχῳ·

203 4148 309 4209 'Error'
326 4152 468 4210 Ἀπόλλων
485 4156 522 4224 rui
535 4159 625 4231 χορῷ,
648 4160 694 4224 τῆς
709 4150 792 4228 λόρης
807 4151 915 4212 duodo·

208 4227 266 4275 Kal
282 4223 338 4276 τῶν
351 4218 477 4297 Ἐράτων
492 4224 637 4298 ᾐσθόμην·
655 4227 743 4280 ἔνεστι
766 4223 932 4296 κάαιροδίτα.

110 4306 206 4362 Verum
224 4309 320 4364 comici
344 4326 448 4381 qnoque
469 4318 563 4381 poetae
580 4312 671 4366 eodem
693 4300 804 4366 numero
820 4311 862 4368 nsi
878 4317 950 4368 sunt.
