2760 4792
107 244 151 324 ‚2³
332 282 336 290 ·
488 234 891 321 COMMENTATIONES

109 410 146 478 de
176 430 226 477 aes
258 409 386 477 alienum
417 407 571 479 eontraxlt
614 402 677 475 Sed
692 415 805 478 'amen
837 407 982 476 Cratinus
1013 429 1052 478 eo
1072 411 1280 502 temporavit

107 495 224 562 uidetur
244 495 358 560 fabulas
380 495 439 557 scri
459 495 552 576 sisse,
612 494 699 558 uibus
720 492 846 562 Calliam
866 495 994 582 potuerit
1019 502 1142 560 nomre:
1186 518 1281 583 quare

108 587 159 645 aut
184 579 214 643 id
242 580 312 643 lecit
339 587 407 642 anto
435 515 552 666 Clymp.
696 579 749 644 IX.
773 581 802 643 1.
832 587 883 643 aut
903 581 979 665 quod
1000 581 1065 644 veri
1086 582 1174 646 etiam
1195 583 1280 649 simi·

107 664 165 729 lius
188 664 316 745 videtur,
348 685 386 726 ne
407 664 481 727 haec
503 664 617 748 quidem
639 665 676 729 ad
699 663 825 729 Calliam
851 665 938 729 istum
965 664 1110 730 iuniorem
1141 666 1280 732 referen-

108 749 147 817 da
166 756 252 830 aunt,
274 747 325 812 sed
348 749 386 812 ad
408 747 540 814 Cimonis
563 749 727 835 aequalem:
749 770 817 812 nam
839 751 971 834 quamvis
993 750 1084 814 fuerit
1105 750 1280 838 ditissimus,

109 839 293 898 tamencum
317 833 487 917 aliquando,
531 841 563 898 ut
588 835 683 898 refert
702 834 922 898 Demosthenes
943 842 1060 898 coaetus
1082 835 1172 899 luerit
1212 837 1279 902 uin·

108 919 250 1018 quaginta
270 916 380 981 talenta
402 919 572 983 aestimatae
593 920 653 982 litis
674 917 780 1067 populo
802 919 936 1001 solvere,
968 919 1056 984 facile
1084 920 1179 1008 potuit
1193 857 1278 1007 deri,

107 1010 140 1066 ut
171 1027 204 1067 ιο
231 1004 384 1090 angustias
413 1004 553 1068 adductus
589 1025 658 1067 aero
691 1006 787 1067 a‘eno
823 1004 1000 1089 aliquamdiu
1033 1005 1207 1070 obrueretur
1248 1015 1281 1074 et

127 1089 228 1152 raedia
250 1089 395 1172 aedesque
417 1091 640 1177 oppigneraret:
668 1089 772 1152 confer
790 1088 984 1153 Demostheu.
1007 1090 1043 1154 de
1064 1088 1149 1154 Fals.
1164 1090 1278 1179 Legat.

106 1109 185 1238 {732
224 1172 348 1235 Ἐκεῖνοι
370 1173 479 1250 τοίνυν,
506 1169 547 1247 ὡς
569 1170 700 1249 ἅπαντες
722 1164 753 1236 εῦ
777 1169 835 1236 οἷδ’
861 1171 907 1237 ὅτι
928 1172 982 1236 τὸν
1004 1170 1094 1257 λόγον
1116 1172 1277 1257 ἀκηκόατε,

106 1259 249 1321 Καλλίαν
275 1257 329 1320 τὸν
351 1252 523 1321 Ἱππονίκου
550 1257 666 1339 ταύτην
693 1256 748 1340 τὴν
776 1255 837 1321 άπὸ
859 1254 980 1320 πάντων
1000 1259 1215 1343 θρυλουμένην
1235 1263 1263 1327 εἰ

108 1338 201 1425 ρῆνην
222 1339 468 1426 πρεσβεύσαντα,
489 1378 531 1391 -
561 1339 606 1405 ὅτι
637 1345 724 1427 δῶρα
745 1348 850 1424 λαβεῖν
876 1341 959 1418 ἔδοξε
986 1340 1192 1425 πρεσβεύσας,
1224 1371 1279 1426 μι-

106 1433 183 1511 κροῦ
193 1427 249 1507 μὲν
259 1426 444 1504 ἀπέκτειναν,
458 1428 490 1491 ἒν
504 1427 538 1490 δι’
549 1436 616 1502 ταῖς
628 1426 774 1503 εὐθύναις
784 1423 968 1507 πεντήκοντα
981 1424 1151 1511 ἐπράξαντο
1162 1426 1279 1494 τάλαν-

105 1536 156 1575 τα.
198 1512 275 1576 Nam
298 1519 329 1575 ut
350 1512 437 1575 dubia
458 1513 536 1594 sint,
562 1533 636 1598 quae
663 1513 698 1577 de
719 1535 792 1601 paee
814 1511 929 1584 Calliae
950 1513 1036 1593 dicit,
1063 1513 1157 1601 ipsum
1179 1521 1280 1580 tumen

108 1595 233 1662 Calliam
256 1596 410 1680 aliquando
433 1597 644 1684 quinquaginta
664 1598 787 1662 talentis
804 1597 954 1660 multatum
976 1618 1054 1677 esse,
1084 1598 1203 1662 nrinime
1224 1600 1281 1664 inr-

127 1680 259 1745 robabile
287 1689 341 1746 est
384 1680 484 1745 Potuit
509 1682 680 1769 igitur'illo
709 1705 727 1746 a
755 1680 879 1747 Cratino
906 1683 1085 1764 στιγματίας
1105 1685 1281 1770 nuncupari.

107 1703 160 1830 dic
192 1767 228 1830 ad
257 1768 396 1830 nlaiorem
424 1765 550 1832 Calliam
582 1766 771 1830 referendum
802 1768 889 1830 etiam
918 1787 1041 1846 censeo,
1084 1767 1161 1850 quod
1188 1769 1278 1834 tertio

106 1849 170 1915 loeo
193 1851 263 1915 dicit
282 1852 428 1939 interpres
450 1851 595 1933 Luciam,
629 1873 695 1916 eum
721 1850 816 1914 Phoci
837 1852 939 1914 uxoris
961 1852 1172 1915 consuetudine
1192 1873 1278 1918 usum

108 1957 175 2000 esse
197 1943 226 2000 et
247 1959 286 2000 ne
307 1938 338 2000 in
359 1939 406 1999 ius
428 1944 592 2017 vocaretur,
614 1938 672 1999 tria
693 1936 820 2000 solvisse
835 1935 954 1999 talenta
998 1934 1177 2021 Quamquam
1198 1939 1283 2003 eninr.

108 2019 223 2086 Calliae
254 2021 379 2084 iunioris
406 2021 511 2084 foedae
537 2021 675 2084 libidines
702 2021 829 2102 maxime
850 2027 937 2083 notae
958 2029 1043 2100 sunt,
1086 2021 1151 2084 veri
1178 2027 1278 2088 tamen

107 2105 231 2169 similius
253 2106 370 2169 videtur
396 2103 470 2168 haec
494 2111 526 2168 ut
552 2112 652 2168 cetera
678 2124 753 2188 quae
780 2126 819 2167 ex
846 2101 970 2168 Cratino
998 2103 1204 2191 proferuntur,
1239 2106 1278 2172 ad

107 2191 246 2254 maiorem
273 2191 429 2276 pertinere.
472 2190 548 2252 Nam
573 2189 630 2252 hoo
657 2208 769 2274 quoque
796 2188 859 2252 loco
887 2209 941 2250 usu
970 2189 1065 2268 venit,
1107 2197 1140 2252 ut
1166 2198 1278 2256 temere

107 2275 218 2337 diversi
245 2273 379 2337 homines
407 2293 440 2336 co
486 2273 598 2336 omines
625 2274 657 2336 in
687 2294 775 2336 unum
797 2271 1012 2352 conflarentur,
1056 2273 1086 2337 id
1113 2276 1189 2358 quod
1210 2283 1280 2363 poet

105 2358 252 2422 luculento
285 2357 419 2446 exemplo
482 2358 635 2442 huoydldis
657 2355 803 2421 Melesiae
831 2357 885 2420 filii
907 2367 937 2420 et
958 2357 1146 2444 Thucydidis
1178 2380 1279 2426 rerum

106 2442 258 2531 scriptoris
280 2464 506 2530 cognoscemus3
528 2445 636 2507 lactum
657 2463 729 2506 vero
750 2441 827 2506 idem
841 2449 887 2506 est
896 2441 928 2505 in
940 2440 1186 2530 Antiphontibus,
1208 2443 1279 2511 cri·

106 2529 171 2610 tiis,
193 2528 259 2592 aliis
281 2527 442 2617 permultis·

190 2696 250 2761 Sed
273 2703 305 2758 ut
321 2688 363 2761 ¹ad
385 2694 501 2761 Cratini
522 2694 684 2760 versiculos
704 2692 840 2776 redeam,
884 2714 940 2781 qno
964 2696 1061 2782 magis
1083 2703 1204 2762 ornaret
1224 2694 1279 2764 Ci-

104 2801 218 2845 monem
231 2779 383 2862 Cratinus,
404 2781 486 2846 illum
508 2781 666 2869 appellavit
687 2787 834 2843 αιὐῖαακι
854 2788 981 2844 viriumr
1004 2802 1061 2866 qua
1082 2781 1280 2931 appellatione

105 2866 179 2930 nihil
200 2866 441 2930 honorificentius
469 2888 536 2929 esse
565 2866 649 2930 docet
669 2865 757 2928 Plato
778 2866 811 2927 in
831 2863 963 2930 Menone
984 2886 1012 2952 p.
1034 2866 1085 2930 99.
1138 2889 1161 2930 .:
1194 2866 1280 2932 otn-

106 2956 177 3027 οῦν,
224 2942 248 3014 ὦ
275 2952 407 3027 Μένων,
450 2947 535 3026 ι’ίξιον
559 2948 687 3025 τούτους
714 2950 819 3026 θείους
848 2956 949 3012 καλεῖν
974 2951 1048 3026 τοῦς
1065 2949 1210 3033 ἀνδρας,
1248 2951 1282 3016 οἵ

104 3060 180 3111 τινες
202 3041 274 3099 νοῦν
293 3035 337 3116 μὴ
359 3034 476 3116 ἔχοντες
497 3034 597 3098 πολλὰ
623 3037 673 3097 καὶ
699 3031 816 3118 μεγάλα
851 3039 1072 3114 κατορθοῦσιν,
1109 3025 1152 3098 ὧν
1178 3033 1279 3121 πράτ-

104 3146 209 3184 τουσιν
230 3123 279 3183 καί
302 3121 459 3204 λίηουσιν,·
494 3122 603 3184 ΜΕΝ.
636 3116 770 3203 Πάνυηε.
797 3119 866 3182 ΣΩ.
891 3119 1016 3202 Ὀρθῶς
1038 3117 1075 3182 ἂν
1097 3115 1151 3183 οῦν
1172 3125 1280 3186 καλοῖ-

103 3230 159 3285 μεν
180 3210 285 3281 θείους
306 3230 353 3282 τε,
388 3203 443 3278 οῦς
464 3211 518 3268 νῦν
539 3204 577 3285 δὴ
599 3204 753 3288 ἐλέγομεν,
779 3203 986 3286 χρησμηιιλούς
1008 3207 1058 3266 καὶ
1078 3202 1202 3285 μάντεις
1222 3208 1278 3271 aot

104 3290 176 3365 τοῦς
203 3290 379 3372 ποιητικούς
405 3288 591 3371 evigilaturo
617 3286 734 3353 τούτοιν
756 3299 868 3374 φαῖμεν
890 3289 928 3352 ἂν
948 3291 1054 3364 θείους
1074 3315 1106 3353 τε
1128 3286 1202 3353 εἶναι
1224 3293 1278 3356 καί

104 3374 326 3453 ἐνθουσιάζειν,
362 3375 504 3449 ἐπίπνους
535 3372 624 3450 ὄντας
651 3377 701 3438 καὶ
724 3373 934 3455 κατεχομένοις
956 3376 988 3437 ἐκ
1009 3379 1064 3438 τοῦ
1087 3379 1174 3452 θεοῦ,
1202 3371 1279 3441 ὅταν

104 3466 281 3544 κατορθιῦσι
303 3461 437 3542 λέγοντες
466 3458 565 3522 πολλὰ
591 3463 641 3522 καὶ
671 3456 787 3541 μεγάλα
820 3455 1002 3543 πράγματα,
1041 3461 1137 3540 μηδὲν
1163 3457 1279 3540 εἰδότες

61 3547 64 3552 ’
104 3535 147 3608 νῦν
168 3547 313 3628 λέγουσιν.
337 3547 412 3607 ΜΕ.
436 3541 570 3627 Πάνυγε.
592 3544 662 3606 ΣΩ.
686 3547 749 3607 Καὶ
772 3545 806 3606 αί
821 3567 853 3627 γε
875 3552 1012 3627 γυναῖκες
1033 3542 1143 3625 δήπου,
1166 3535 1278 3611 ὦΜί-

103 3655 177 3707 νοιν,
205 3631 277 3704 τούς
299 3629 440 3712 ἀγαθούς
462 3627 578 3709 άνιῖρας
598 3632 703 3703 θείους
724 3633 852 3691 καλοῦσι
874 3632 923 3691 καί
948 3628 976 3690 οἱ
996 3625 1161 3706 Λάκωνες,
1182 3627 1279 3696 ’ὅταν
1330 3704 1337 3715 Ι

103 3715 170 3777 τινὰ
198 3711 423 3796 ἐγκωμιάζουσιν
456 3713 578 3796 ἀγαθάν
605 3711 718 3797 ἄνδρα,
763 3717 850 3789 Σεῖος
878 3713 974 3793 ἀνὴρ,
1018 3716 1127 3799 φασίν,
1173 3705 1277 3793 οὗτος.
1308 3734 1312 3741 “

105 3799 162 3864 llis
195 3800 344 3864 simillima
376 3821 409 3862 su
430 3800 542 3886 peditat
572 3805 673 3863 auctor
706 3798 818 3884 dialogi
849 3797 1012 3862 Aeschiuei
1038 3798 1063 3862 Ι.
1092 3801 1142 3862 13.
1185 3799 1278 3867 Addo
1325 3864 1334 3881 ,

102 3884 256 3949 Aristotel.
286 3883 355 3948 Eth.
421 3886 506 3949 icon.
539 3883 608 3952 Vll.
639 3889 671 3946 l:
711 3881 800 3945 ’Errat
832 3883 866 3945 δὲ
892 3879 1019 3945 σπάνιον
1046 3885 1096 3954 καί
1123 3882 1159 3948 τὸ
1188 3889 1278 3950 θεῖον

103 3967 200 4053 ι’ίνὸρα
223 3966 310 4045 εἶναι,
333 3966 476 4053 καθάπερ
499 3969 528 4032 οἱ
548 3964 699 4042 Λάκωνες
729 3964 877 4032 εἰώθασιν
912 3963 1161 4052 προσαγορεύειν,
1199 3966 1277 4036 ὅταν

102 4053 265 4137 άγασθῶσι
288 4050 412 4139 σφόδρα
434 4078 505 4130 του,
527 4056 617 4128 Σεῖος
637 4049 724 4134 άνὴρ,
754 4053 863 4136 φασίν,
899 4049 979 4116 οῦτοι
1001 4055 1050 4116 καὶ
1073 4047 1089 4116 ὃ
1112 4050 1277 4138 θηριώδης

103 4141 135 4204 ἓν
161 4149 226 4215 τοῖς
251 4136 429 4223 ἀνθρώποις
456 4134 593 4213 σπάνιος·
614 4173 657 4188 -
700 4136 808 4216 Tertio
829 4157 918 4201 versu
941 4137 1016 4222 quod
1037 4138 1193 4224 legebatur
1212 4145 1277 4204 cdlv

101 4222 307 4308 Πανελλήνων
328 4220 439 4310 πρώτῳ
466 4231 591 4288 metrum
611 4222 769 4311 pervertit3
813 4244 907 4307 neque
929 4229 1027 4288 tamen
1053 4223 1208 4311 probanda
1228 4231 1289 4293 on·
1329 4234 1336 4247 “

102 4307 223 4377 Reiskii
244 4310 413 4377 coniectura
433 4305 544 4398 τρόμῳ
549 4355 560 4388 ,
604 4305 659 4374 sed
684 4306 871 4375 sonandum
897 4305 958 4395 πρὸ
978 4312 1052 4386 τοῦ,
1096 4308 1172 4395 quod
1193 4306 1277 4378 Har·
