2768 4770
496 245 899 319 oonmfflnmamonus

532 634 763 703 CAPUT
805 634 860 705 lv.

114 927 116 931 ·
198 888 235 954 ln
264 911 414 955 numerum
438 889 556 955 Cratini
583 888 748 953 fabularum
770 909 834 953 cum
863 887 940 953 aliae
965 886 1077 953 fuerint
1103 886 1215 953 iniuria
1239 910 1299 953 re-

115 974 210 1055 latae,
244 974 320 1039 aliae
351 984 460 1039 temere
488 980 557 1038 suut
583 982 729 1055 remotae,
757 974 833 1058 quod
855 973 960 1037 accidit
980 973 1013 1036 in
1033 976 1287 1039 evacuamus.

113 1059 229 1124 Iniuria
249 1060 328 1123 enim
344 1060 478 1123 homines
500 1058 587 1138 docti,
610 1063 642 1121 ut
653 1057 809 1122 Fabricius
821 1055 943 1122 iuBihl.
951 1056 1078 1139 Graeca,
1089 1056 1289 1123 llleursiusin

114 1142 194 1208 Bibl.
215 1141 306 1208 Attio.
326 1165 355 1230 p.
378 1143 473 1223 1467,
493 1141 663 1207 Runkelius
684 1163 713 1230 p.
724 1146 776 1206 22.
787 1142 864 1207 hanc
884 1141 1015 1206 fabulam
1035 1141 1068 1204 in
1088 1142 1282 1231 suspicionem

114 1234 295 1292 vocaverunt
316 1235 346 1291 et
366 1229 535 1325 fragmenta
555 1227 653 1291 omnia
679 1226 717 1291 ad
738 1226 872 1291 Eunidas
892 1225 1053 1291 reserenda
1073 1247 1143 1291 esse
1163 1247 1282 1293 censue·

114 1324 192 1376 runt.
235 1311 276 1376 Et
284 1311 432 1375 Runkelir
443 1311 557 1396 quidem
572 1318 787 1397 argumentum,
826 1311 857 1374 ui
878 1311 1028 1375 existimat
1039 1329 1101 1375 non
1112 1311 1209 1377 fuisse
1221 1318 1281 1377 tan·

114 1405 173 1461 tarn
194 1397 369 1460 comicorum
390 1404 541 1484 poetarum
568 1395 729 1476 licentiam,
762 1403 795 1459 ut
844 1394 996 1460 umenides
1017 1394 1048 1459 in
1067 1416 1160 1459 scena
1180 1396 1281 1485 exegi

114 1488 178 1545 tare
206 1482 272 1545 ausi
297 1481 372 1560 siut,
415 1481 522 1543 hocin
545 1501 609 1543 uam
631 1487 834 1567 argumentum
858 1502 876 1543 a
897 1480 1021 1544 veritate
1041 1478 1218 1567 longissime
1237 1502 1280 1545 re·

113 1565 204 1629 cedit:
247 1565 399 1652 ignoravit
419 1563 497 1627 enim
518 1501 569 1628 ille
591 1573 621 1627 et
641 1565 804 1628 institutum
826 1565 935 1628 veteris
957 1563 1125 1629 comoediae
1147 1572 1180 1630 et
1197 1565 1281 1653 inge·

114 1650 195 1713 nium
216 1646 342 1715 Cratini.
383 1650 539 1733 Nunquam
561 1649 639 1712 enim
661 1646 818 1730 Cratinus,
851 1649 937 1712 homo
958 1656 1077 1712 sanctus
1103 1656 1136 1713 et
1182 1650 1281 1733 robus,

114 1734 329 1798 sanctissimum
339 1733 535 1798 Eumenidum
555 1754 663 1797 numen
683 1733 796 1798 violare
818 1754 907 1797 ausus
929 1740 1010 1797 esset
1029 1743 1124 1817 neque
1144 1670 1282 1801 idAthe·

113 1820 235 1884 nienses
256 1839 348 1904 aequo
370 1819 467 1918 animo
488 1818 640 1917 tulissent,
674 1820 722 1903 qui
750 1826 858 1918 quanta
878 1817 1025 1905 religione
1048 1818 1168 1919 ultrices
1190 1818 1282 1919 spele·

112 1903 286 2076 {bladii
303 1900 1284 2071 bidlidiiibhtqhhtlltilttldhidd'ld

113 2074 187 2137 mico
228 2074 330 2135 oehie'l
375 2069 517 2159 Suspicor
537 2071 615 2133 enirn
636 2070 714 2133 hanc
733 2070 863 2135 fabulam
872 2091 932 2134 non
943 2073 986 2136 ita
996 2070 1087 2136 multo
1100 2080 1170 2161 post
1179 2072 1283 2161 Olyn-

110 2156 191 2244 piad.
243 2154 340 2219 XXX.
362 2156 391 2218 1.
420 2154 533 2219 doctam
561 2174 644 2234 esse,
680 2174 735 2237 quo
767 2176 845 2218 anno
870 2154 1025 2243 Ephialtes
1052 2154 1213 2247 Areopagi
1233 2180 1284 2223 au·

111 2241 274 2304 cleritatem
286 2240 431 2324 fregerat,
453 2237 512 2302 vid.
526 2236 651 2301 Dioder.
664 2236 790 2302 SieXI.
811 2240 870 2302 77:
906 2237 988 2320 Ἅμα
999 2239 1033 2304 dl
1042 2237 1162 2319 τούτοις
1183 2266 1283 2325 uper-

111 2322 249 2405 τομίνοις
276 2324 308 2385 ἓν
334 2323 390 2402 μὲν
415 2330 483 2398 ταῖς
504 2317 651 2404 Ἀθήναις
672 2318 838 2469 ’Epidires
859 2319 875 2386 ὅ
897 2325 1071 2405 Σιμωνίδου
1098 2326 1283 2413 δημαγωγὸς

35 2483 38 2489 ,
112 2406 227 2472 ὤνκαὶ
248 2406 283 2471 τὸ
305 2411 427 2488 πλῆθος
447 2402 622 2491 παροξύνας
647 2431 705 2471 κατ
753 2412 815 2471 τῶν
836 2407 1057 2494 Ἀρεοπαγιτῶν
1064 2459 1074 2489 ,
1108 2408 1211 2477 dumos
1230 2412 1284 2479 adr

111 2495 212 2577 δῆμον
231 2493 414 2577 ψηφίσμασι
433 2496 561 2573 μειῶσαι
572 2491 628 2573 τὴν
640 2493 673 2567 ἐξ
689 2491 805 2577 Ἀρείου
817 2490 915 2576 πάγου
925 2494 1042 2577 βουλὴν
1051 2496 1102 2559 καί
1114 2494 1156 2559 τὰ
1165 2494 1283 2581 πάτρια

112 2580 164 2643 καί
180 2574 346 2663 περιβόητα
361 2572 475 2657 νόμιμα
490 2582 672 2641 καταλῦσαι.
706 2576 789 2651 Quae
801 2599 850 2642 res
862 2598 922 2643 nou
935 2579 1029 2644 solum
1040 2601 1140 2645 rerum
1150 2582 1282 2669 publica·

112 2685 177 2728 rum
193 2669 300 2727 statum
321 2662 477 2749 pervertit,
499 2682 600 2725 uerum
621 2660 708 2726 etiam
719 2662 932 2749 rehgionemet
951 2664 1088 2751 pietatem
1097 2666 1166 2732 labe
1177 2666 1283 2733 infecit

111 2747 306 2836 gravissima3
338 2745 368 2809 id
395 2745 471 2831 quod
491 2743 681 2832 Aeschylus,
718 2748 765 2810 vir
805 2748 851 2811 ius
873 2755 904 2812 et
923 2750 1128 2836 magnanimos
1149 2750 1214 2817 fert
1232 2774 1281 2817 ae-

112 2833 251 2920 gerrime.
294 2829 356 2894 Sed
383 2830 419 2894 de
446 2830 502 2893 hac
528 2852 561 2894 re
587 2831 750 2895 accuratius
779 2768 892 2896 dicetur
917 2854 971 2897 suo
999 2833 1072 2899 loco.
1121 2835 1188 2901 lam
1209 2856 1281 2903 uero

111 2918 198 2981 etiam
220 2915 390 2995 Cratinum,
429 2914 657 3062 quinperniciem
683 2916 890 3001 gravissimam
915 2920 1005 2982 rebus
1025 2920 1163 2985 humanis
1186 2928 1218 2986 et
1236 2920 1281 2987 di·

110 3003 190 3066 vinis
210 3001 409 3065 imminentem
430 3000 460 3061 vi
506 2999 568 3062 anti
589 3001 685 3063 animo
707 3007 919 3088 auguraretur,
950 3004 1030 3067 omni
1049 3004 1213 3071 formidine
1232 3026 1281 3073 re-

110 3096 189 3151 mota
214 3084 380 3173 Ephialtem
409 3090 440 3147 et
493 3084 613 3147 erielenr
643 3091 776 3149 auctores
802 3086 889 3150 huius
917 3088 1009 3174 pestis
1036 3088 1173 3175 graviter
1199 3092 1281 3157 inse·

110 3177 216 3235 etatum
237 3192 320 3251 esse,
350 3168 414 3231 veri
445 3166 622 3232 simillimum
643 3175 698 3233 est.
739 3169 812 3234 Euit
830 3171 924 3258 igitur
944 3170 1061 3239 Cratini
1080 3172 1280 3241 Eumenidum

109 3256 187 3321 idem
214 3255 378 3319 institutum
412 3259 498 3338 atque
525 3254 709 3339 cognominis
735 3254 854 3320 fabulae
874 3254 1077 3343 Aeschyleae,
1123 3279 1280 3345 uaniquarn

109 3361 211 3429 parum
233 3340 320 3404 etiam
342 3359 420 3401 nnnc
439 3345 623 3439 perspectum
645 3348 706 3421 est,
743 3340 813 3425 quid
833 3341 950 3405 tandem
972 3342 1082 3407 eximia
1101 3278 1155 3407 illa
1176 3344 1281 3409 sabulo

95 3425 241 3512 ,tragicus
269 3423 418 3511 petiverit:
450 3442 576 3487 comicus
597 3431 684 3510 poeta
704 3444 765 3489 non
786 3425 899 3489 minore
921 3426 1068 3513 gravitate
1088 3427 1209 3493 videtin
1228 3450 1280 3495 ve·

108 3518 203 3574 terum
229 3509 379 3596 sapienter
408 3506 542 3571 instituta
562 3529 581 3571 a
601 3508 730 3573 nouandi
757 3508 880 3574 libidine
906 3509 1076 3599 defendisse
1096 3519 1128 3577 et
1146 3512 1180 3578 id
1221 3512 1280 3581 uod

108 3596 173 3684 ipse
194 3600 343 3672 censeret,
369 3590 564 3656 Eumenidum
587 3613 658 3655 usus
680 3593 780 3675 choro,
800 3594 902 3683 paam
918 3597 1072 3684 professus
1093 3618 1173 3662 esse.
1246 3620 1281 3663 e-

108 3701 164 3766 que
185 3678 334 3826 disppicuit
352 3682 456 3763 poetae
477 3675 630 3741 consilium
651 3676 901 3760 Atheniensibus,
933 3681 1076 3764 siquidem
1096 3681 1280 3773 Aristopho-

107 3786 162 3829 nes
182 3764 215 3827 in
264 3761 390 3847 quitibus
411 3781 440 3824 v.
460 3761 534 3826 527.
555 3784 573 3826 a
593 3768 656 3825 erte
685 3761 756 3827 dicit
775 3765 905 3828 carmina
925 3765 1012 3829 huius
1033 3766 1205 3833 comoediae
1224 3788 1281 3833 ex·

106 3850 176 3915 imio
196 3848 300 3913 lavore
321 3866 388 3909 esse
409 3866 481 3908 exce
493 3852 532 3909 ita
580 3868 607 3911 m
628 3867 664 3909 ue
684 3846 835 3912 floruisse:
869 3868 907 3911 ex
929 3869 986 3934 que
1006 3850 1071 3915 loco
1090 3849 1166 3917 illud
1188 3852 1279 3919 etiam

105 3931 297 4025 probabiliter
323 3929 462 3994 coniicias
481 3866 566 3994 hanc
592 3867 721 3994 libanium
753 3932 790 3997 ad
817 3932 996 4018 antiquiores
1042 3940 1126 4000 oetae
1156 3936 1280 4005 fabulas

106 4017 292 4085 referendam
320 4036 399 4079 esse:
437 4014 553 4079 videtur
577 4015 670 4102 igitur
695 4037 768 4080 sane
795 4016 969 4106 Olympiade
990 3956 1120 4084 LXXX.
1140 4028 1281 4089 extrem

106 4103 155 4195 vel
174 4100 318 4167 LXXXl.
339 4100 459 4163 ineunte
480 4099 548 4163 data
570 4122 647 4165 esse.
689 4100 773 4164 Dicit
793 4111 889 4166 autem
911 4104 1144 4193 Aristophanem

187 4215 266 4284 Eleo
287 4206 443 4301 Κρατίνου
462 4216 668 4298 μεμνημένος,
689 4215 723 4293 ὃς
743 4221 848 4305 πολλῷ
869 4216 979 4304 ῥεύσας
1000 4219 1070 4286 ποτ’
1093 4222 1214 4313 ἐπαίνῳ

188 4303 252 4370 Διά
274 4308 335 4368 τῶν
355 4301 478 4388 ἀφελῶν
498 4303 608 4368 πεδίων
628 4299 707 4391 ἴρρει
728 4305 778 4367 καὶ
800 4310 855 4388 τῆς
874 4301 1010 4383 στύσειος
1030 4304 1234 4397 παρασύρων,
