2760 4792
336 184 396 252 on
417 183 562 262 asmo.
582 169 1062 294 coronamentorum
1259 191 1282 252 r

115 352 288 429 Arelu‘lotbi
318 359 418 428 comm
451 355 583 421 earmina
618 365 767 440 uunquam
804 357 926 421 mutam
953 357 1040 419 aaut
1079 354 1282 421 materiatam

88 438 242 526 ,ausus
262 437 316 507 illa
334 438 510 528 praesertim
535 444 632 507 aetate
651 445 753 521 neca,
786 445 820 503 nt
844 437 1037 527 opprimenda
1061 445 1112 503 ent
1136 438 1283 505 elumbe

111 547 150 593 ea
170 525 296 595 comicus
316 531 405 613 poeta
430 545 552 590 censere
577 524 714 613 potuerit
765 522 862 591 Erant
888 535 963 590 saue
988 522 1103 589 laessiua¹
1125 545 1182 588 nec
1207 525 1281 590 satis

112 616 209 685 emta:
230 631 332 683 verum
352 615 434 679 tanta
454 609 487 675 in
507 608 545 675 iis
567 615 632 677 erat
652 609 803 697 gravitas,
824 615 907 675 taum
926 628 1039 674 morum
1059 607 1191 696 probitas
1210 630 1281 675 cen·

111 695 305 845 {tilhtb
326 692 1282 864 llll⁶¹tl¹¹nt¹¹tllhtttl¹btlttltlthbtl

111 884 194 929 more
214 865 389 952 etingenio,
412 863 460 948 qui
469 863 551 952 ipsos
565 864 680 950 quidem
691 871 793 953 poetas
816 869 912 926 castos
939 882 1008 929 esse
1028 862 1195 945 voluerunt,
1216 885 1280 928 car-

110 950 192 1014 mina
218 949 294 1013 nihil
319 969 443 1012 necesse
469 970 538 1013 esse
564 950 734 1014 censebant.
782 945 895 1013 Cetera
920 953 1016 1010 autem
1042 965 1116 1030 quae
1142 950 1208 1033 quis
1228 969 1280 1037 po·
1347 966 1348 970 ’

111 1035 217 1098 tuisset
237 1035 268 1097 in
296 1032 536 1120 disceptationem
556 1055 662 1098 vocare
684 1033 763 1098 levia
784 1039 887 1112 erant,
911 1052 966 1094 nec
987 1030 1060 1095 setis
1081 1031 1184 1119 digne,
1205 1052 1282 1119 quae

109 1118 414 1207 reprehenderentur,
451 1116 511 1182 tale
537 1118 632 1205 igitur
652 1117 806 1183 consilium
827 1115 1007 1180 abhorrete
1029 1112 1169 1198 Cratino,
1196 1139 1280 1206 mag·

110 1203 237 1278 manime,
251 1204 333 1283 viro,
363 1201 583 1302 grammaticum
609 1203 757 1268 hominem
779 1201 879 1281 decet,
913 1199 1075 1302 diligenter
1095 1202 1194 1265 omnia
1213 1222 1280 1293 per-

109 1293 287 1352 scrutantem
305 1294 335 1351 et
352 1294 520 1353 nmantem:
551 1288 671 1357 fuerunt
691 1296 787 1355 autem
809 1284 952 1353 eiusmodi
970 1306 1005 1350 rn
1025 1282 1221 1371 Archilocho,
1249 1294 1281 1357 ut

110 1380 212 1437 auctor
222 1381 268 1436 est
278 1372 439 1460 Longinus
449 1363 485 1436 de
502 1371 616 1438 sublim.
639 1396 663 1438 c.
685 1374 743 1439 33:
762 1368 996 1459 Ἐρατοσθένης
1016 1370 1049 1435 ἓν
1068 1377 1107 1457 τῇ
1124 1369 1194 1455 ’Hm
1215 1367 1280 1461 dap,

109 1456 163 1521 διὰ
191 1456 312 1521 πάντων
340 1456 397 1541 γὰρ
424 1453 594 1540 ἀμώμητον
620 1457 656 1522 τὸ
678 1453 876 1544 ποιημάτιον,
903 1455 958 1542 Ἀρ
980 1453 1087 1539 ιλόχου
1108 1395 1215 1520 nolld
1228 1458 1280 1521 rol

108 1539 333 1625 ἆνοικονόμητα
353 1539 600 1629 παρασύροντος,
643 1541 766 1609 adserva
790 1547 847 1626 ,τῆς
881 1481 1010 1624 {sodellis
1034 1545 1091 1605 sot
1119 1543 1280 1624 deceptoriae

108 1624 280 1709 πνεύματος
308 1623 403 1711 ὁρμῇ,
437 1625 486 1709 ἦν’
501 1624 562 1690 ὑπὸ
589 1624 685 1708 νόμον
711 1625 803 1707 τάξαι
828 1622 995 1709 δύσκολον,
1032 1617 1094 1710 ἆρα
1120 1625 1159 1713 δὴ
1178 1628 1281 1710 μεῖζον

108 1709 246 1794 ποιητής.
288 1710 332 1776 At
357 1712 417 1775 luit
440 1710 583 1776 Cratinus
609 1732 721 1797 quoque
743 1711 844 1775 divino
864 1711 918 1775 illo
939 1711 1045 1800 spiritu
1066 1710 1279 1793 inflammatus3

108 1814 200 1882 quare
229 1819 294 1861 cum
321 1794 438 1881 ingenii
463 1797 575 1882 pariter
601 1803 687 1880 atque
712 1796 840 1861 instituti
867 1817 980 1861 summa
1011 1795 1171 1861 similitude
1202 1797 1282 1862 iuter

105 1891 262 1966 utrumque
297 1887 413 1967 poetam
442 1879 666 1960 intercesserit,
702 1877 914 1944 Archilochum
945 1900 963 1945 a
991 1877 1115 1944 Cratino
1141 1888 1282 1947 uexatum

104 1966 204 2034 fuisse
230 1985 309 2053 nego
336 1969 423 2047 atque
447 1984 594 2052 pernego:
637 1985 694 2029 uec
721 1962 749 2030 si
776 1963 909 2048 quaein
936 1960 1053 2030 Cratini
1078 1963 1212 2114 relipuiis
1232 1987 1281 2033 re·

142 2052 275 2130 riuntur,
308 2069 383 2135 quae
410 2047 447 2112 ad
467 2047 640 2117 Archilochi
667 2048 820 2134 exemplar
846 2068 991 2135 expressa
1011 2049 1140 2128 sanast
1180 2071 1281 2138 repre

125 2135 255 2203 cudendi
275 2133 373 2199 studio
393 2133 503 2197 lactum
525 2141 587 2215 est,
613 2131 668 2201 sed
689 2140 918 2200 consentaneum
939 2132 1037 2221 potius
1059 2139 1106 2199 cst
1126 2131 1281 2200 Cratinum

104 2220 203 2320 illius⁸
220 2217 443 2319 amaritudinem
459 2226 571 2318 ‘atque'
596 2238 705 2283 nervos
743 2217 875 2284 studiose
909 2217 1089 2318 aemulatum
1094 2303 1100 2317 ι
1113 2239 1191 2284 essa.
1217 2217 1282 2319 'ibt

103 2299 1180 2468 tbiltt⁰¹¹llutthttl¹¹ttttuthhhtifflttlhlttl
1199 2326 1281 2454 “dt

103 2495 166 2541 uon
184 2473 307 2545 ludendi
327 2471 509 2539 irridendive
530 2493 621 2537 causa
641 2472 742 2539 efficta
768 2493 852 2552 esse,
879 2492 982 2537 rerum
1003 2478 1036 2537 ut
1057 2474 1192 2560 gravitas
1212 2496 1280 2538 ora-

104 2559 179 2627 tioni
200 2557 415 2623 conciliaretur.
457 2556 499 2621 Et
523 2557 556 2621 in
577 2557 633 2623 hac
654 2557 770 2642 quidem
796 2555 913 2638 fabula,
948 2556 985 2623 de
1011 2577 1069 2641 qua
1138 2558 1211 2638 tur,
1244 2580 1279 2624 eo

123 2643 287 2709 otissimum
309 2641 432 2707 consiliu
453 2641 510 2707 hoc
531 2642 648 2708 videtur
669 2641 811 2709 Cratinus
839 2640 965 2722 fecisse,
998 2648 1031 2704 ut
1051 2641 1112 2707 vivi
1133 2664 1151 2706 u
1171 2642 1280 2708 Archi-

103 2665 184 2797 lochi
209 2734 314 2817 poetae
348 2727 463 2814 imago·
479 2732 548 2790 ante
576 2726 676 2793 oculos
724 2732 880 2806 oneretur,
924 2726 979 2791 sub
1006 2747 1063 2811 qua
1090 2726 1189 2816 specie
1215 2728 1280 2816 ipse

103 2813 175 2900 quid
194 2812 320 2879 sentiret
339 2812 433 2877 libere
451 2811 651 2911 profiteretur.
692 2747 734 2877 dt
761 2810 980 2910 Aristophanes
1001 2830 1115 2898 quoque
1136 2832 1280 2878 nonnum-

103 2919 190 2984 quam
222 2897 260 2965 ad
286 2895 461 2965 Archilochi
487 2896 639 2986 exemplar
669 2917 703 2959 se
725 2902 901 2983 composuit,
933 2896 965 2961 id
985 2896 1063 2982 quod
1085 2895 1121 2965 de
1142 2919 1279 2964 numero.

103 3004 169 3051 rum
191 2981 425 3053 conformatione
446 2987 570 3046 testatur
591 2980 795 3047 Terentianus
817 3002 845 3045 u.
866 2980 969 3047 2243:

188 3066 400 3154 Aristophanis
421 3065 531 3165 ingens
553 3066 641 3131 micat
660 3064 805 3145 sollertia,

189 3151 249 3226 oui
270 3172 321 3216 sae
343 3173 360 3215 e
381 3160 482 3215 meurs
504 3151 730 3217 multiformibus
751 3149 839 3214 novis

188 3173 389 3301 Archilochon
415 3245 478 3301 arte
499 3243 547 3298 est
568 3233 730 3300 aemulatus
750 3234 872 3302 musica.

102 3321 145 3389 Et
171 3321 210 3387 ad
236 3321 390 3400 comicum,
423 3340 518 3404 nequo
549 3341 619 3384 vero
641 3319 679 3385 ad
722 3319 920 3384 commaticum
943 3317 1172 3419 Aristophanem
1194 3319 1276 3385 vide·

102 3413 152 3471 tur
171 3406 361 3471 referendum
376 3420 463 3486 esse,
500 3404 576 3488 quod
603 3404 674 3468 dicit
695 3341 802 3468 Cicero
823 3402 919 3490 Epist
942 3403 980 3469 ad
999 3401 1091 3471 Athe.
1112 3403 1196 3474 xvl.
1219 3405 1275 3472 tls

104 3495 205 3565 Quod
227 3499 370 3565 vereris,
403 3513 446 3560 αα
472 3485 636 3570 ἀδόλεσχος
661 3502 700 3551 tac
728 3488 832 3551 mihi?
863 3495 940 3570 quis
967 3496 1098 3555 miram?
1133 3490 1217 3557 mihi
1238 3505 1278 3555 oct

101 3576 329 3654 Arsecoplmas
345 3574 540 3639 Archilochi
557 3576 696 3649 samem,
718 3581 769 3636 sic
789 3578 936 3650 epistola
957 3573 1154 3656 longimtma
1174 3597 1276 3658 quac-

101 3684 168 3745 quc
190 3667 315 3739 optima
335 3663 477 3725 ardema
1158 3691 1160 3695 .

188 3744 343 3811 Cratinum
369 3751 464 3807 autem
495 3740 670 3806 Archilochi
696 3761 864 3807 sermonem
890 3742 1033 3812 imitatum
1061 3765 1132 3811 esee
1161 3743 1194 3812 iu
1220 3743 1276 3811 hac

101 3829 204 3895 fabula
228 3828 376 3893 luculento
398 3849 482 3890 exem
504 3827 532 3890 lo
560 3826 645 3890 docet
665 3825 850 3927 Hephaestio
878 3849 907 3915 p.
935 3827 979 3895 88
1005 3828 1053 3913 qui
1081 3849 1146 3895 cum
1166 3827 1276 3897 iudea

101 3936 130 4003 p.
151 3915 197 3979 83
218 3914 254 3978 de
275 3914 454 4000 asynartetis
475 3848 676 3978 Archilochiis
699 3911 880 3994 dissereret,
907 3909 1062 3979 Cratinum
1084 3912 1154 3989 dicit
1174 3934 1275 3981 nume-

101 4019 203 4063 rorum
223 3997 309 4084 leges
330 3997 504 4084 ignorasse,
533 4017 597 4059 cum
618 3996 697 4059 hunc
717 4018 836 4060 versum
858 3997 895 4061 ad
917 3997 1082 4086 exemplum
1102 3996 1275 4062 Archilochi

101 4082 231 4150 vuluerit
250 4083 449 4146 conformare:
493 4083 650 4166 Κρατῖνος
671 4079 720 4159 δέ,
749 4078 823 4145 ὅταν
850 4081 921 4167 λέγῃ
943 4084 975 4146 ἐν
995 4091 1059 4157 τοῖς
1074 4079 1274 4168 Ἀρχιλόχοις.

181 4165 388 4252 Ἔρασμοιίδη
409 4163 558 4231 Βάθιααε
578 4170 642 4232 τῶν
662 4162 835 4250 deputetur

104 4254 194 4326 τοῦτο
214 4249 252 4319 τὸ
271 4250 384 4338 μέτρον
404 4250 520 4336 ἀγνοεῖ,
543 4245 589 4319 ὅτι
610 4248 668 4327 orla
689 4247 832 4339 ἄντικρυς
858 4259 994 4333 μιμεῖται
1022 4254 1077 4321 τοῦ
1096 4245 1273 4336 Ἀρχιλόχου
