2768 4770
343 155 566 279 uu'uumo.
588 198 776 271 corroso.
797 204 900 272 aar.
923 207 1067 283 osuio.
1229 210 1292 278 ιιι

113 368 224 436 litteris
252 369 428 458 consignata
453 370 502 435 hic
528 371 649 458 integra
669 393 764 458 neque
791 373 941 439 ἰιιιιιισλιιλιι
962 375 992 438 iu
1015 374 1140 439 medium
1162 376 1294 463 prodero,

113 454 198 520 uliud
219 454 288 539 quid
310 452 437 519 cooie'ci:
459 476 554 541 neque
576 456 707 521 enimin
730 457 824 522 locum
845 460 926 523 illius
949 448 1093 536 πολλάκις
1114 461 1294 525 substituen-

112 539 184 605 dum
206 545 253 604 est
273 537 392 603 Seleuci
414 560 537 622 nomeu,
571 562 671 607 terum
693 543 839 608 delitescit
858 543 901 608 ibi
913 547 1107 631 grammatici
1128 545 1177 609 vel
1198 546 1294 610 Scho-

111 624 222 690 liastue
244 625 345 688 uescio
368 625 450 689 cuius
472 632 598 708 nomeu,
621 628 750 715 exempli
771 649 861 693 causa
881 631 1041 708 Πολλίων,
1062 630 1111 693 vcl
1132 627 1292 694 Πολυδεύ-

111 728 181 792 κης.
224 708 293 796 Ego
315 715 412 774 autem
433 711 477 774 sio
498 712 632 798 corrigo:
660 713 805 776 Πολλίων
826 709 919 790 εἶπεν,
942 711 988 777 ὅτι
1010 710 1176 797 προβάλλει
1192 710 1292 797 Ὅμη-

111 789 201 881 ρικάς
222 796 254 858 ἓν
274 798 319 878 τῷ
340 795 417 879 πρὸς
427 791 588 876 Πολύβιον
608 822 631 858 π
652 801 794 884 οτατικῷ.
821 802 994 863 Homerici
1016 800 1094 865 enlm
1115 801 1292 887 cognomine

111 879 264 1030 gaudebat
280 878 441 961 Seleucus,
463 881 599 966 quoniam
650 883 843 947 emeritorum
865 884 1025 948 carminum
1048 884 1145 948 studio
1163 885 1290 949 maxime

127 965 172 1029 nit
198 964 313 1033 deditus
343 985 436 1050 euque
463 973 495 1029 ut
522 965 639 1030 videtur
658 965 773 1031 Romae
800 969 832 1030 iu
863 967 973 1032 scholis
1000 968 1124 1056 publicis
1147 989 1186 1033 ex
1208 990 1289 1034 more

110 1049 195 1114 illius
217 1050 283 1113 aevi
304 1050 573 1137 interpretabatur;
604 1051 671 1115 vide
693 1049 802 1116 Suidas
825 1052 867 1117 Τ.
888 1053 943 1116 ΙΙΙ.
965 1074 993 1141 p.
1015 1052 1094 1119 296:
1127 1054 1289 1127 Σέλευκος·

106 1133 336 1215 Ἀλεξανδρεύς,
368 1132 594 1218 γραμματικός,
629 1133 663 1211 ὃς
690 1133 845 1218 ἐπεκλήθη
872 1133 1054 1221 Ὁμηρικός,
1095 1139 1291 1221 ἓσοφίστευσε

111 1219 148 1284 δὲ
168 1220 202 1283 ἓν
217 1215 337 1301 Ῥώμῃ·
364 1218 498 1304 ἔγραψεν
520 1219 681 1305 ἐξηγητικολ
709 1223 751 1297 εἰς
772 1219 872 1285 πάντα
894 1218 936 1298 ὡς
963 1223 1054 1286 alneti
1074 1218 1204 1304 ποιητήν
1225 1229 1290 1287 κτλ.

111 1304 167 1369 'sed
195 1304 232 1369 de
254 1303 380 1368 Seleuco
408 1306 570 1369 accuratius
593 1305 743 1370 disserere
770 1326 830 1370 uon
851 1313 898 1372 est
924 1307 1011 1371 huius
1038 1307 1104 1372 loci.
1143 1306 1290 1393 Polybius

110 1396 211 1455 autem
239 1388 339 1452 nescio
361 1410 398 1453 au
420 1389 472 1453 ille
493 1390 550 1471 sit,
594 1390 630 1455 ad
653 1410 738 1476 quem
760 1389 878 1456 Seneca
902 1392 1022 1482 scripsit
1049 1391 1290 1473 consolationem,

111 1474 162 1561 pul
186 1475 336 1558 utriusque
357 1474 479 1560 liuguae
501 1475 574 1539 satis
596 1474 653 1540 fuit
673 1474 801 1563 peritus,
842 1474 1035 1562 lurimaurque
1056 1497 1175 1566 operam
1198 1496 1291 1540 nava·

110 1559 156 1624 vit
177 1557 309 1623 Homero
331 1565 360 1623 et
380 1558 527 1647 Virgilio,
553 1558 615 1623 vid.
636 1558 742 1626 Senes,
765 1583 791 1626 c.
811 1498 869 1627 ld:
908 1560 1036 1648 „ltaque
1057 1578 1118 1626 uon
1145 1562 1290 1646 estquod
1374 1615 1383 1636 ,

110 1643 204 1709 ullum
226 1652 339 1732 tempos
360 1665 467 1708 vacare
492 1643 616 1733 patiaris
637 1665 655 1708 a
676 1644 798 1709 studiis:
825 1652 894 1709 tunc
921 1644 975 1709 tibi
1002 1646 1119 1710 litterae
1139 1659 1208 1708 tuae
1230 1654 1289 1709 tam

110 1729 163 1794 diu
185 1750 220 1792 ac
246 1728 374 1794 fideliter
396 1736 510 1792 amatae
537 1729 662 1817 gratiam
685 1729 834 1793 referant:
877 1735 947 1792 tunc
974 1737 1004 1794 te
1031 1729 1101 1794 illae
1128 1731 1289 1793 antistitem

111 1820 143 1879 et
169 1813 310 1878 cultorem
337 1834 421 1878 suum
444 1812 606 1877 vindicentt
649 1820 718 1877 tuuc
741 1813 889 1878 Homerus
912 1819 941 1876 et
961 1813 1110 1901 Virgilius
1132 1822 1190 1877 tam
1214 1815 1289 1876 bene

111 1898 150 1963 de
170 1898 298 1963 humano
320 1919 433 1986 genere
454 1898 562 1980 meriti,
582 1918 668 2046 poam
689 1905 720 1961 tu
738 1897 775 1962 de
796 1896 932 1963 omnibus
953 1905 983 1962 et
1004 1897 1041 1962 de
1061 1893 1122 1961 illis
1144 1899 1288 1979 ustulati,

110 2004 184 2070 quus
205 1983 338 2072 pluribus
360 1998 445 2047 notos
467 2004 535 2047 esse
556 2002 593 2046 vo
607 1983 693 2065 nisti,
719 2003 806 2069 quam
827 1984 1028 2071 scripserant,
1049 1982 1170 2048 multum
1192 1988 1288 2046 tecum

110 2075 273 2150 murentur,
294 2076 373 2133 tuum
395 2070 454 2133 erit
474 2088 560 2141 omno
582 2078 712 2156 tempus,
735 2088 808 2153 quos
829 2065 890 2132 illis
911 2068 1051 2135 tuendum
1071 2067 1287 2132 commiseris.“

110 2152 199 2219 Adue
211 2154 283 2218 ibid.
293 2154 374 2218 aso.
388 2153 531 2218 Seleucus
546 2159 720 2219 autemeam
732 2174 841 2217 nomeu
853 2153 955 2218 matris
967 2150 1136 2241 Hyperboli
1145 2148 1288 2237 ulterlllll

110 2240 302 2326 grammatico
324 2238 563 2326 investigandum
584 2244 779 2327 proponeret,
806 2239 935 2302 fortusse
956 2238 1021 2326 ipse
1041 2237 1209 2325 ignoravit,
1229 2242 1287 2322 quo

109 2324 230 2390 nomine
255 2324 308 2389 illa
328 2323 434 2389 mulier
460 2324 500 2388 sit
521 2323 681 2411 appellata:
713 2331 794 2387 certe
821 2321 952 2411 plerique
979 2322 1164 2408 grammatici
1191 2321 1287 2385 nesci-

109 2407 348 2490 uissevidentur,
369 2406 521 2509 ignoravit
531 2404 646 2493 quidem
661 2408 700 2489 is,
722 2408 771 2492 qui
787 2407 843 2470 hoc
863 2406 998 2471 scholion
1018 2404 1203 2496 conscripsit,
1224 2408 1287 2493 qui-

108 2515 166 2581 que
186 2495 265 2560 hauc
285 2502 486 2580 quaestionem
507 2514 567 2557 nou
590 2493 686 2556 miuus
707 2490 840 2556 inutilem
862 2497 893 2555 et
912 2513 1019 2556 vanam
1040 2486 1130 2572 dixit,
1152 2513 1238 2576 quam
1260 2490 1287 2556 si

108 2582 174 2667 quis
196 2600 305 2645 neuneu
325 2578 427 2643 matris
448 2572 596 2643 Lamachi
622 2576 768 2663 indagare
791 2573 894 2641 vellet:
922 2574 1137 2663 quodquidam
1162 2597 1287 2665 prorsus

108 2664 116 2680 '
163 2672 243 2730 otum
264 2664 359 2729 fuisse
380 2662 467 2728 etium
489 2656 669 2726 Plutarchus
690 2663 723 2726 in
743 2661 805 2725 uita
824 2654 973 2726 Aluibiud.
995 2682 1020 2724 c
1044 2656 1063 2725 ί
1085 2661 1185 2742 docet,
1214 2682 1286 2725 usus

105 2750 116 2814 i
141 2773 158 2814 e
180 2748 311 2836 quidem,
338 2754 372 2813 ut
391 2742 522 2829 videtur,
549 2744 605 2829 iis,
627 2754 840 2831 quaeveteres
862 2745 1047 2833 grammatici
1069 2738 1106 2810 de
1127 2743 1174 2809 luis
1196 2745 1286 2809 rebus

105 2834 327 2920 investigandis
348 2833 534 2899 commentati
555 2840 654 2896 erant:
676 2830 722 2894 Εἴ
736 2855 769 2916 γε
790 2832 902 2895 Νικίου
922 2828 979 2912 μὲν
999 2830 1287 2912 καλΔημοσβένους

105 2924 158 2984 καλ
179 2916 341 3002 Λαμάχου
369 2921 422 2983 καλ
451 2916 649 3001 Φορμίωνος,
679 2912 906 3000 Θρασυβούλου
931 2939 964 2980 τε
991 2917 1043 2978 καὶ
1073 2915 1285 3004 Θηραμένους,

104 3008 267 3091 ἐπιφανῶν
293 3005 413 3089 ἀνδρῶν
442 3003 609 3087 γενομένων
636 2999 707 3066 κατ’
738 2996 847 3079 αὐτόν,
892 2996 1014 3075 σιἰδενός
1042 2996 1154 3082 οάά’ἦ
1182 2995 1285 3083 μήτηρ

105 3088 261 3171 ὄνάμοιτος
291 3089 440 3171 τέτευχεν,
462 3076 659 3169 Ἀλκιβιάδου
685 3110 718 3150 τε
749 3089 800 3149 καὶ
829 3085 954 3167 τίτθην,
990 3074 1082 3171 ,γάνος
1107 3078 1285 3173 Λάκαιναν,

99 3172 260 3257 Ἀμύκλαν
281 3172 379 3255 άνομα
408 3175 459 3236 καὶ
480 3164 633 3256 Ζωπυριλν
654 3168 850 3255 παιδαγωγὸν
875 3168 977 3251 ἴσμεν,
1011 3158 1056 3243 ὧν
1079 3158 1115 3232 cd
1142 3168 1200 3250 priv
1216 3166 1283 3231 Ἅν-

103 3260 267 3342 τισθάνης,
289 3259 325 3323 τὸ
347 3260 381 3323 δὲ
400 3254 536 3327 Πλάτων
557 3257 683 3343 εἴρηκεν.
725 3256 789 3320 lam
810 3255 961 3320 veroetsi
983 3250 1170 3319 temerarium
1191 3253 1286 3342 possit

104 3346 214 3427 videri,
237 3345 274 3409 de
295 3367 340 3425 re,
361 3364 447 3428 quam
461 3343 519 3407 iam
535 3349 652 3407 veteres
674 3341 719 3406 illi
740 3340 956 3428 ignoraverunt
977 3337 1173 3425 grammatici,
1197 3358 1286 3423 quae·

103 3453 191 3511 rere,
218 3437 316 3494 tamen
338 3428 505 3517 Hyperboli
531 3428 634 3492 matris
661 3447 769 3492 nomen
791 3446 830 3489 au
857 3425 952 3513 possit
979 3423 1106 3512 reperiri
1126 3420 1284 3488 videndum

103 3524 167 3583 est:
211 3535 307 3600 neque
334 3514 413 3578 euim
438 3513 551 3576 frustra
580 3512 716 3577 existim
744 3511 812 3575 illos
841 3508 1002 3609 magistros
1029 3507 1107 3572 hauc
1131 3520 1195 3572 rem
1216 3508 1286 3572 licet

103 3601 346 3667 obscurissimam
378 3597 610 3686 investigavisse
643 3596 804 3682 videorque
840 3591 912 3661 uim
942 3590 1093 3658 detexisse
1124 3593 1201 3658 vesti
1224 3593 1285 3657 'um

102 3686 236 3752 nominis
256 3685 289 3748 iu
310 3684 395 3749 docta
416 3683 528 3769 antiqui
549 3680 734 3747 Scholiastae
756 3678 944 3746 adnotatione
966 3678 1003 3744 ud
1016 3676 1173 3768 Aristoph.
1216 3677 1284 3742 uhb.

102 3790 135 3840 v.
157 3772 239 3839 551:
521 3822 525 3827 .

197 3845 292 3921 Οὗτοι
315 3855 347 3917 d’
370 3849 411 3928 ὡς
432 3849 515 3928 ἅπαξ
535 3850 710 3938 παρέδωκεν
737 3846 838 3932 λαβὴν
853 3844 1053 3931 Ὑπέρβολος,

195 3946 318 4005 Τοῦτον
339 3940 470 4003 tactatur
491 3935 657 4022 κολετρῶσ’
682 3935 728 4000 ἀεὶ
749 3937 801 3998 κοιλ
822 3933 878 4017 τὴν
898 3933 1029 4018 μητέρα.

102 4030 157 4095 ubi
178 4027 253 4091 haec
275 4024 422 4112 adscripta
442 4033 531 4097 suut:¹
554 4025 606 4086 καλ
627 4021 683 4105 τὴν
703 4021 823 4106 μητέρα
843 4018 901 4104 τὴν
916 4011 1125 4104 Ὑπερβόλου,
1151 4013 1208 4097 τὴν
1230 4013 1284 4076 do-

104 4119 224 4179 κοῦσαν
251 4112 283 4174 ἐν
307 4119 375 4182 ταῖς
396 4102 617 4194 ἀρτοπώλισιν·
659 4105 758 4170 πολλὰ
787 4104 857 4170 κατ’
882 4103 979 4170 αὐτοῦ
1001 4099 1080 4168 εἶπεν
1093 4098 1283 4184 Ἕρμιππος.

103 4220 184 4287 quae
209 4195 419 4262 obscurissima
443 4198 528 4275 ιιιιιιλ,
555 4214 651 4344 uppne
672 4193 751 4256 euim
768 4189 989 4256 Hemstcrhusii
1010 4188 1178 4253 coniectura
1199 4183 1285 4269 quid-

103 4304 194 4372 quam
225 4280 300 4346 lucis
338 4278 442 4344 attulit.
485 4278 548 4346 Sed
574 4279 585 4344 i
608 4276 648 4346 ud
676 4276 793 4365 quidem
824 4282 906 4343 certo
939 4270 1092 4341 adfirmare
1116 4288 1281 4362 possumus,
