2760 4792
98 221 121 271 X

98 423 162 496 que
182 399 457 496 quasidivinitus
482 407 675 498 auguratur,
701 401 773 473 lore
798 402 1001 501 utproclivi
1025 409 1061 474 ct
1083 403 1261 499 praecipiti

96 541 196 590 cursu
222 518 330 591 omnia
355 518 573 592 collabantur.
623 518 677 590 Ab
702 519 766 592 hae
800 519 1005 616 aegritudine
1037 528 1134 617 atquc
1167 545 1261 595 moe·

95 659 172 709 roro
197 643 297 733 poeta
320 622 359 708 ut
383 636 525 709 animum
548 637 688 730 liberet,
725 662 901 734 omnesque
932 638 1173 711 sollicitudines
1200 639 1261 711 de·

35 743 41 762 ’
95 754 206 828 trahat
219 762 317 853 atque
341 755 459 851 pellat,
486 780 538 849 ea,
566 780 649 852 quae
662 757 736 854 ipsc
762 757 864 834 sentit
888 764 986 853 atque
1012 767 1169 853 expertos
1195 765 1260 854 est,

94 874 206 970 paulam
231 881 329 969 atquo
354 873 444 946 loros
470 874 617 971 prolert3
642 875 754 970 itaque
779 875 955 973 imaginem
981 875 1076 973 quasi
1100 875 1261 971 quandam
1351 942 1356 950 ,

96 992 202 1090 ipsius
235 992 322 1064 vitae
353 994 529 1090 proponit,
564 1016 647 1088 quac
679 993 755 1082 aliis
789 1018 938 1091 quoque,
972 994 1029 1090 qui
1058 993 1259 1087 intueantur,

95 1110 292 1183 medicinam
307 1118 405 1206 atque
420 1111 636 1207 aegritudinis
651 1111 806 1183 solatium
826 1112 955 1183 afferat.
986 1111 1136 1208 Dignum
1157 1113 1261 1209 igitur

96 1230 178 1301 satis
192 1236 239 1300 ·et
253 1228 389 1300 arduum
413 1230 620 1325 propositum
635 1230 769 1327 antiqua
782 1229 883 1301 attica
904 1229 1074 1301 comoedia
1086 1231 1262 1328 persequi.

94 1356 162 1440 tur,
190 1355 224 1419 ct
245 1373 309 1445 quo
336 1347 459 1419 diutius
476 1347 549 1419 *hoe
575 1347 687 1420 alticio
712 1348 873 1444 iungitur,
900 1372 940 1419 eo
967 1347 1098 1419 facilius
1124 1349 1159 1419 ld
1174 1348 1262 1444 quod

95 1467 188 1562 angit
212 1453 379 1537 hominum
405 1466 550 1556 animos,
584 1465 700 1538 eximit
733 1474 831 1561 atque
856 1466 973 1562 pellit,
1009 1467 1194 1537 camelius
1221 1467 1261 1536 alo

94 1583 302 1681 aegritudine
334 1591 368 1656 ct
392 1583 529 1656 tristitia
554 1583 597 1654 ad
629 1583 830 1655 hilaritatem
862 1592 896 1655 ct
926 1583 1088 1655 laetitiam
1113 1592 1262 1657 revocat.

83 1703 207 1794 ‘Quare
222 1701 390 1794 Cratinus,
418 1702 474 1799 qui
499 1702 624 1799 primus
649 1701 745 1772 rudia
769 1701 830 1773 illa
856 1709 889 1774 et
913 1701 1048 1774 inliceta
1067 1702 1263 1799 Megaricae

95 1813 285 1895 comoediae
310 1820 703 1919 primordiainstaurauit
717 1820 881 1917 altiusque
902 1819 1105 1893 incrementa
1129 1821 1264 1917 repetiit

95 1963 289 2037 omnemque
302 1964 413 2012 rerum
437 1947 472 2012 et
486 1939 699 2013 humanarum
723 1937 955 2010 edmarum
967 1938 1142 2010 circuitum
1155 1946 1263 2011 mente

96 2065 131 2131 et
147 2059 353 2156 cogitatione
376 2057 573 2154 complexus
599 2063 663 2146 est,
690 2055 802 2150 gravis
828 2062 1044 2150 austerusque
1070 2061 1123 2127 cst
1147 2055 1262 2148 index,

73 2178 258 2249 'lutetiam
286 2175 439 2266 facetiis,
475 2174 650 2274 siquibus
680 2171 768 2244 forte
793 2178 925 2265 utatur,
959 2195 1079 2268 magna
1103 2174 1264 2245 severitas

95 2292 285 2382 inhaereut3
318 2300 436 2366 contra
460 2289 605 2389 Eupolis
630 2288 861 2362 difficillimam
886 2290 1059 2387 grauitatis
1084 2298 1121 2363 et
1144 2290 1266 2362 hiloni-

95 2413 181 2485 tatis·
200 2412 466 2485 coniunctionem
491 2410 694 2501 conciliavit,
718 2408 768 2480 ita
790 2417 830 2480 ¹ut
854 2429 898 2480 ex
923 2408 988 2481 hoe
1005 2416 1264 2506 temperamento
1302 2455 1303 2458 =

95 2533 209 2630 poesis
246 2532 349 2629 longe
383 2529 620 2603 venustissima
664 2534 699 2599 et
737 2527 980 2624 perfectissima
1019 2527 1264 2618 effloresceret3

96 2649 338 2748 Aristophanes
363 2634 463 2740 uero,
502 2647 576 2755 ets‘i¹
595 2666 805 2742 nequaquam
829 2630 951 2743 expers
985 2653 1038 2718 est
1068 2647 1160 2719 illius
1185 2670 1266 2743 gra-

96 2769 208 2842 atauo
219 2819 232 2862 ,
261 2768 342 2839 artis
368 2767 513 2865 speciem
537 2765 573 2836 in
598 2764 872 2837 tautum-extulit
896 2763 1078 2860 fastigium,
1105 2771 1143 2835 ut
1169 2763 1267 2861 quid·

98 2887 177 2987 quid
203 2894 370 2960 sumerum
395 2894 429 2958 et
454 2873 608 2957 acutum
633 2868 742 2981 esset,
777 2883 893 2978 lepore
919 2890 1024 2979 atque
1050 2883 1160 2978 gratia
1185 2906 1274 2980 pro-¹

95 3007 272 3106 limnodum
295 3006 452 3078 obrueret
476 3002 546 3075 et
534 3026 571 3073 m
595 2998 797 3073 hilaritatem
822 3025 863 3072 ac
887 3001 1025 3074 facetias
1050 3002 1150 3097 plane
1175 3006 1276 3071 esset

92 3127 235 3200 dilusus.
273 3122 402 3196 Verum
422 3120 563 3193 liaeo
528 3144 564 3191 su
583 3142 644 3210 ea,
662 3142 735 3233 qua
760 3143 822 3216 piar
848 3116 920 3212 ost,
948 3120 1029 3218 dili
1011 3119 1136 3192 nentia
1146 3118 1268 3228 vellem

97 3251 322 3355 lucrifactore,
346 3240 493 3379 instituti
518 3229 676 3309 terminos
702 3223 931 3377 excederem.
971 3268 973 3273 ·
1064 3276 1080 3305 1.

124 3478 332 3576 ¹⁸'''Scrn‘psi
348 3464 475 3548 llal'ac
481 3472 637 3546 calendis
651 3471 816 3547 ·Oetalnr:
984 3494 999 3508 ··
1039 3506 1042 3515 ·
1089 3575 1095 3584 Α

121 3624 127 3633 ’
282 3578 710 3709 manamaur.
731 3612 736 3638 ³
775 3599 819 3642 ¹
934 3602 954 3639 ε
