2768 4770
318 234 378 302 Dll
399 235 544 314 nullu.
565 234 753 310 COMOED.
780 239 887 310 ATT.
908 243 1053 320 anulo.
1216 247 1283 316 ltu

106 402 151 480 ὡς
178 399 279 486 λαγῶς
299 403 350 467 καλ
370 398 464 479 ταῶς.
507 403 599 515 Αίιριί
626 408 670 472 εἰσ
690 407 859 498 Archippus
883 410 960 477 dixit
988 412 1020 477 in
1041 412 1179 480 Piscibus
1205 414 1282 505 apud

106 489 296 555 Athenaeum
323 487 443 652 Vll-61).
464 489 528 555 315
550 492 591 555 b:

189 568 298 653 Ἱερεύς
317 571 375 656 γὰρ
417 572 477 635 λό’
503 572 641 638 αύτοῖσιν
662 570 768 661 όρφῶς
787 580 844 641 τού
865 581 953 643 θεοῦ.

110 664 143 723 et
163 654 305 722 Cratinus
332 657 364 720 in
385 655 668 724 Ulixihus'ihidem:

195 740 337 823 Τίμαχος
359 740 447 826 όρφῶ
467 739 603 826 χλιαρόν.

105 826 146 890 cl.
167 824 297 912 Etymol.
319 824 365 891 M.
386 848 414 915 p.
435 827 516 909 635,
536 831 593 893 32:
627 827 707 910 Περί
728 826 763 890 δὲ
788 833 844 892 τοῦ
866 824 971 913 όρφῶς
998 826 1079 893 ἔστιν
1099 832 1204 909 εἰπεῖν,
1237 827 1279 909 ῶς

105 927 184 1008 λέγει
213 922 229 989 ὃ
262 923 356 1001 αὐτὸς
381 922 615 1012 Χοιροβοσκός,
659 923 705 991 ὅτι
734 927 773 990 τὰ
798 931 841 1004 εἰς
874 917 918 1006 ιιι-ς
941 929 1062 996 Ἀττικὰ
1091 937 1147 1038 ripe
1178 938 1281 1016 κοινῆς

105 1009 230 1086 εύθείας
257 1008 359 1092 ἔχουσι
385 1010 439 1075 τὸν
458 1008 547 1075 τόνον
572 1008 629 1073 κᾶν
654 1007 766 1097 φθάσῃ
797 1018 1090 1099 πρυπαροξυνθῆναι
1115 1042 1135 1099 νγ
1163 1016 1279 1095 εὐθεῖα,

105 1101 193 1159 πᾶσα
222 1101 337 1170 πτῶσις
366 1092 643 1180 προπαροξύνεται·
687 1099 886 1178 σεσημείωται
908 1099 943 1164 τό
966 1100 1071 1186 ὀρφῶς
1092 1103 1142 1165 καί
1164 1105 1279 1184 λαγῶς·

104 1186 206 1244 ταῦτα
227 1181 285 1264 γὰρ
309 1179 365 1243 σύν
387 1177 518 1266 ἐφύλαξε
538 1180 592 1244 τόν
612 1175 701 1245 τόνον
721 1188 783 1246 τῶν
804 1189 926 1247 κοινῶν·
947 1191 1003 1249 τοῦ
1023 1186 1080 1266 μὲν
1099 1185 1157 1271 γὰρ
1175 1185 1280 1272 ὀρφῶς

95 1261 122 1329 ’ό
146 1261 247 1342 τόνος,
291 1262 389 1349 όρφος
415 1267 478 1330 ἐστὶ
505 1263 691 1350 βαρύτονος·
717 1272 774 1332 τοῦ
797 1269 831 1332 δὲ
858 1273 973 1353 λαγῶς,
1003 1269 1095 1354 λαγός
1120 1268 1278 1349 όξύτονος·

105 1361 346 1449 ῶςἩριυόιανὸς
368 1367 470 1449 φησίν,
493 1363 539 1429 ὅτι
561 1367 593 1428 ἐν
613 1374 678 1442 τοῖς
698 1368 740 1442 είς
761 1355 802 1443 ῶς
823 1365 898 1454 ύπέρ
919 1371 993 1450 μίαν
1014 1369 1170 1452 συλλαβὴν
1191 1369 1280 1435 οὐδὲν

104 1456 309 1534 περισπῶσαν,
352 1449 429 1532 πλὴν
456 1455 511 1514 τοῦ
540 1448 646 1534 ὀρφῶς
678 1454 729 1515 καὶ
764 1456 875 1536 λαγῶς.
920 1454 995 1519 adde
1022 1455 1116 1543 ipsum
1146 1453 1278 1520 Chaero-

103 1535 226 1600 hoscuut
246 1535 278 1598 in
289 1533 426 1599 Bekkeri
440 1533 602 1598 Anecdotia
616 1533 658 1599 Τ.
668 1534 724 1600 ΠΙ.
735 1556 764 1622 p.
778 1538 875 1603 1197:
898 1539 1104 1619 Σεσημείιυται
1125 1539 1161 1603 τό
1174 1539 1279 1625 ὀρφῶς
1311 1585 1323 1602 κ.

105 1622 158 1684 καὶ
186 1624 287 1702 λαγῶς
314 1616 540 1703 περισπῶμενα·
573 1624 673 1682 ταῦτα
699 1618 758 1704 γὰρ
786 1619 841 1683 oba
868 1620 999 1706 ἐφύλαξε
1026 1623 1079 1688 τὸν
1104 1622 1192 1688 τόνον
1217 1630 1279 1689 τῶν

104 1709 235 1769 κοινῶν·
262 1709 318 1767 τοῦ
344 1703 478 1787 μὲνγὰρ
507 1702 612 1788 ὀρφῶς
636 1701 672 1766 τό
699 1702 799 1768 κοινόν
820 1702 918 1792 όρφος
943 1704 1137 1790 βαρυτόνως,
1168 1715 1223 1773 τοῦ
1245 1710 1279 1773 δὲ

105 1792 209 1871 λαγῶς
229 1786 346 1872 λαγωός
367 1785 525 1864 ὀξυτόνως.
547 1784 737 1886 idem-tradit
756 1788 884 1854 Ioannes
899 1787 1123 1858 Alexandrinus
1143 1814 1173 1881 p.
1183 1794 1216 1876 8,
1235 1795 1278 1860 35
1328 1830 1331 1834 ⁴

107 1889 156 1954 ed.
177 1888 296 1954 Dima:
324 1889 377 1951 Ἔν
399 1890 431 1952 de*
451 1897 515 1962 τοῖς
543 1890 585 1963 είς
611 1914 653 1964 ως
673 1895 855 1975 περισπᾶται
877 1888 917 1954 τὰ
944 1888 1139 1974 ὑποκείμενα,
1166 1896 1277 1976 λαγῶς,

108 1972 228 2060 όρφῶς,
249 1977 368 2058 ταλῶς,
399 1973 434 2037 τὸ
456 1978 598 2054 μανιθῶς
626 1975 677 2038 καὶ
703 1980 809 2060 τυφῶς
835 1978 885 2038 καὶ
912 1980 994 2052 ταῶς
1021 1980 1072 2041 καὶ
1093 1984 1277 2061 περισπῶται

108 2076 160 2138 καὶ
182 2070 386 2155 δικατύληκτό
408 2075 488 2138 ἔστι·
516 2076 566 2136 καὶ
592 2072 650 2160 γὰρ
672 2078 714 2152 είς
732 2063 752 2139 ν
773 2072 923 2160 λήγουσιν.
947 2078 1135 2143 etArcadius
1156 2078 1194 2143 do
1215 2100 1276 2144 acc.

105 2179 136 2247 p.
157 2159 214 2241 84,
236 2161 296 2224 16:
312 2158 431 2243 ’Όρφσς
452 2164 573 2236 κοινῶς,
597 2158 702 2245 ὀρφῶς
722 2161 756 2224 tl
776 2159 915 2236 ἀττικῶς.
936 2168 967 2226 et
986 2183 1015 2250 p.
1037 2160 1095 2245 94,
1113 2162 1149 2229 ⁵:
1175 2161 1221 2226 Τό
1243 2162 1277 2227 δὲ

105 2248 207 2328 λαγῶς
228 2247 278 2306 καὶ
301 2243 405 2328 ὀρφῶς
417 2249 621 2328 περισπῶνται
642 2247 693 2308 καὶ
707 2242 723 2308 ὃ
737 2251 845 2346 τυρῶν
865 2248 916 2310 καὶ
937 2245 1060 2311 όταῶν.
1080 2268 1154 2333 quae
1166 2255 1277 2313 temore

104 2328 138 2394 in
160 2330 280 2393 brevius
302 2335 451 2393 contracta
472 2337 555 2393 sunt:
584 2350 653 2393 nam
674 2328 882 2413 Herodranus,
903 2351 959 2416 quo
981 2340 1099 2397 auctore
1120 2353 1190 2398 usus
1212 2341 1277 2398 erat
1365 2375 1367 2380 -

103 2413 272 2496 Arcadius,
305 2413 421 2478 dixerat
443 2409 458 2476 b
483 2417 600 2498 Τυφῶς
621 2415 671 2477 καὶ
694 2411 710 2477 ὃ
735 2419 843 2497 Ταῶς,
872 2415 1064 2480 adnotaverat
1084 2424 1180 2481 autem
1201 2417 1275 2482 alias

104 2520 261 2603 praeterea
276 2514 379 2578 horum
391 2515 547 2578 verborum
562 2514 673 2578 fornras
686 2533 763 2595 esse,
784 2535 859 2599 quae
880 2516 911 2578 in
933 2504 977 2578 οἶν
997 2515 1112 2581 cadant.
1134 2514 1275 2589 Quamvis

106 2606 202 2664 autem
225 2599 414 2664 Herodianus
436 2605 466 2663 et
486 2599 536 2683 qui
556 2597 637 2662 illum
659 2598 751 2662 secuti
773 2607 842 2662 sunt
863 2599 1061 2685 grammatici,
1093 2601 1276 2689 praecipiant

106 2682 325 2748 circumflexam
352 2705 420 2748 esse
440 2689 601 2747 extremam
621 2683 726 2747 horum
746 2683 951 2748 vocabulorum
974 2683 1135 2770 syllabam,
1178 2693 1275 2752 umen

104 2765 296 2850 παράδοσις,
319 2789 404 2853 quam
426 2774 531 2832 vocant
551 2767 749 2876 gemmatici,
770 2790 939 2856 repugnare
962 2767 1085 2832 videtur.
1106 2769 1149 2833 ita
1170 2765 1275 2854 ὀρφῶς

105 2860 137 2917 et
158 2849 271 2936 ὀρφός,
298 2874 357 2916 non
380 2851 485 2937 ὀρφῶς
511 2859 542 2916 et
563 2875 660 2938 υρφος
704 2852 811 2940 ubique
837 2852 914 2942 apud
940 2852 1127 2919 Athenaeum
1153 2852 1275 2941 legitur,

104 2936 167 3003 nisi
188 2937 263 3023 quod
285 2938 317 3001 in
337 2936 477 3002 Numenii
498 2938 634 3002 versibus
655 2900 724 3006 l'll.
745 2960 774 3027 p.
795 2939 859 3006 305
879 2937 917 3003 (l.
937 2937 1063 3025 legitor:

191 3025 211 3084 1
215 3020 351 3097 ’λαύκους
372 3020 392 3104 ἢ
414 3021 502 3108 όρφῶ
523 3019 630 3086 ἴναλον
649 3021 744 3105 γένος.

105 3113 230 3172 atvero
251 3129 280 3196 p.
291 3108 355 3173 315
366 3106 405 3189 Β,
427 3109 477 3172 ubi
497 3106 547 3171 hio
566 3106 730 3171 versiculus
751 3106 905 3194 repetitur,
927 3103 1033 3189 ὀρφῶν
1053 3110 1132 3169 recte
1154 3104 1265 3190 legitur

104 3189 196 3278 Apud
222 3191 452 3279 Aristophanem
487 3212 558 3256 vero
588 3192 621 3255 in
646 3190 756 3280 Vespis
783 3212 812 3254 v.
840 3188 905 3256 493
936 3189 1041 3275 ὀρφῶς
1073 3188 1192 3275 legitur.
1235 3187 1261 3252 E

104 3275 207 3359 λαγὼς
228 3276 342 3360 quidem
372 3276 519 3340 constanti
547 3298 603 3341 usu
624 3275 700 3366 apud
721 3294 824 3341 omnes
845 3275 1004 3363 scriptores
1026 3285 1056 3338 et
1076 3275 1179 3337 atticos
1201 3273 1273 3354 (vid.

103 3359 339 3510 tttffllttttl
357 3359 650 3513 iiliffl‘ellhlll
693 3360 786 3532 '⁴⁰3'
807 3356 1144 3530 hbbllllbbll
1161 3356 1274 3528 ltu·

105 3538 164 3594 tur.
185 3529 221 3592 lu
244 3551 315 3594 voce
337 3537 431 3593 autem
454 3467 682 3611 obdormiant,
703 3530 745 3593 ita
767 3536 798 3593 ut
818 3537 939 3613 utraque
959 3537 1029 3591 nota
1050 3527 1083 3590 in
1103 3546 1158 3590 usu
1179 3525 1274 3590 luisse

102 3614 257 3694 videatur,
291 3616 366 3699 qood
393 3615 425 3678 in
447 3614 606 3702 peregrino
627 3614 769 3679 vocabulo
795 3614 914 3677 minime
942 3611 1105 3677 mirandum
1131 3615 1186 3674 est.
1227 3609 1275 3675 lta

102 3700 137 3763 in
160 3698 268 3762 Eubuli
290 3701 424 3762 uersibus
449 3699 523 3786 apud
546 3699 731 3763 Athenaeum
751 3697 835 3765 Vlll.
849 3718 878 3785 p.
889 3697 952 3760 397
963 3696 1001 3760 B.
1022 3693 1104 3769 ταῶς
1125 3693 1273 3793 scribitur,

103 3784 176 3846 item
204 3785 235 3846 io
258 3783 411 3848 Aristotel.
435 3783 548 3848 llistor.
570 3782 805 3864 harmuto,
828 3783 864 3862 1,
910 3801 947 3845 uo
974 3780 1038 3844 loco
1141 3787 1273 3843 unaucus

103 3867 213 3930 ibidem
242 3869 331 3931 utitur
361 3870 443 3932 etin
464 3868 602 3932 Alexidis
629 3888 718 3932 versu
745 3866 816 3932 ibid.
838 3801 921 3934 lel.
941 3885 970 3953 p.
990 3861 1055 3930 654
1105 3909 1114 3928 .
1140 3869 1171 3926 ot
1190 3863 1273 3927 Ana·

103 3951 262 4016 xandridis
284 3963 313 4016 et
333 3952 513 4042 Antiphanis
535 3952 642 4016 ibidem
664 3973 693 4040 p.
714 3951 779 4017 655
799 3953 839 4016 A.
852 3950 890 4014 B.
922 3948 987 4013 Alii
1007 3955 1104 4012 tamen
1125 3967 1273 4034 mmmc-

102 4037 156 4100 tici
179 4036 395 4101 circumflexam
417 4059 483 4101 esse
506 4036 650 4124 syllabam
672 4042 846 4116 statuerunt,
868 4035 910 4098 uti
922 4033 1051 4121 Trypho
1070 4030 1156 4096 ibid:
1180 4020 1274 4106 Ταύς

102 4123 140 4185 δὲ
167 4122 303 4203 λέγουσιν
326 4121 485 4204 Ἀθηναῖοι
513 4121 569 4203 τὴν
598 4123 773 4185 τελευταίαν
804 4116 964 4198 συλλαβὴν
991 4119 1193 4202 περισπῶντες
1222 4118 1274 4179 καί

102 4202 305 4279 δασύνοντες·
329 4209 378 4268 καὶ
398 4203 635 4289 ἀναγινώσκουσι
656 4205 712 4286 μὲν
727 4202 824 4281 οὕτως
842 4203 917 4286 παρ’
925 4199 1075 4267 Εὐπόλιδι
1095 4199 1274 4281 ἔνἈσερα-

100 4286 231 4370 τεύτοις,
254 4286 409 4376 πρόκειται
431 4292 464 4355 λε’
484 4292 519 4356 τό
542 4287 718 4354 umor-loten
743 4292 794 4356 ναὶ
814 4291 847 4354 ἐν
861 4287 998 4375 Ὄρνισιν
1006 4281 1272 4372 Ἀριστοφάνους·

1001 4389 1070 4454 27·
