2768 4770
252 186 255 191 ⁴
314 200 373 268 DE
394 201 536 278 aeuo.
558 199 744 271 COMOED.
764 200 871 270 ΑΤΤ.
891 201 1036 278 adalo.
1188 203 1254 273 257

84 377 185 437 autem
214 369 290 454 quod
318 369 407 435 hahet
433 377 534 434 auctor
553 367 683 454 Etymol.
704 366 749 433 M.
774 389 835 432 non
862 369 935 435 satis
960 375 1041 435 recte
1062 369 1169 435 dicitur
1194 357 1254 436 nisi

84 455 140 521 dac
173 454 338 535 sententia,
367 463 427 536 qua·
453 455 573 518 habent
604 476 774 517 σσνυοναυι
796 459 914 531 pedes,
942 476 1055 519 ceruos
1080 461 1255 520 eeleritate

84 547 328 625 aequiparant
355 538 502 624 Hesychii
523 546 619 602 auteur
639 537 811 603 vocabulum
832 539 923 603 suerit
943 541 979 604 ab
1001 536 1099 621 ἔλλοψ
1120 546 1255 629 repeten-

84 625 157 691 dum
180 630 214 688 ut
232 629 409 704 pisciculi,
435 631 545 703 parea·-
558 636 729 700 serpentes
750 629 903 686 notentur:
931 622 968 688 de
988 625 1079 689 verbo
1105 621 1204 706 illem
1226 631 1255 689 et

84 707 178 784 ίλλὸς
204 707 341 773 conferas
366 715 486 796 praeter
516 705 590 771 alios
612 704 798 771 Athenaeum
824 705 892 774 Vll.
912 727 942 794 p.
962 709 1027 772 277
1048 706 1092 790 C,
1124 709 1174 774 ubi
1199 709 1255 772 hoc

84 792 208 943 ρδὶίοἱο,
229 796 380 880 corruptos
401 813 469 856 esse
482 791 608 873 ,Eumeli
629 810 669 855 ex
689 790 916 856 Titanomachia
936 813 1058 874 versus,
1079 794 1129 880 qui
1148 793 1192 859 ibi
1212 793 1255 858 sic

162 883 247 941 ntur:

89 898 159 968 oga
171 959 232 1024 Ἔν
252 956 284 1023 δ’
308 956 389 1044 αὐτῇ
410 961 523 1024 πλωτοὶ
541 953 734 1043 χρυσώπιδες
754 954 860 1041 δχθτίες
880 959 962 1026 ittet

175 1040 334 1126 Νήχοντες
354 1045 493 1123 παίζουσι
515 1043 553 1107 δι’
574 1040 690 1128 δδατος
709 1042 903 1130 ἀμβροσίοιο.

84 1150 159 1198 nam
180 1150 278 1214 neque
298 1130 393 1194 activa
413 1130 510 1193 lorma
529 1124 628 1212 νήχειν
648 1129 756 1194 usitata
776 1135 837 1211 est,
863 1149 959 1214 neque
980 1133 1093 1229 tempus
1113 1151 1257 1219 praesens

84 1214 231 1282 convenit
251 1212 333 1303 epico
353 1215 500 1296 sermoni,
527 1215 577 1299 qui
597 1214 733 1299 quoniam
752 1212 786 1278 in
805 1235 905 1280 rerum
925 1220 1149 1301 praeteritarum
1170 1237 1258 1280 enar-

84 1301 210 1366 ratione
230 1303 380 1380 versatur,
402 1299 490 1364 etiam
510 1299 669 1388 praeterito
690 1299 815 1388 tempori
835 1297 992 1364 adstrictus
1013 1303 1145 1379 tenetur3
1166 1301 1258 1365 resti-

84 1384 188 1451 tnas'
216 1382 290 1446 'ture

219 1467 388 1544 αίζοντος
405 1462 567 1547 Ινήχοντο
590 1464 636 1529 δι’
659 1461 774 1543 ὕδατος
794 1465 987 1554 ἀμβροσίοιο.

84 1552 202 1619 omen
223 1552 263 1636 sit
282 1557 378 1616 autem
398 1549 540 1616 Eumelus
567 1551 595 1614 cl
617 1572 702 1639 peum
728 1552 883 1635 eximium,
910 1553 960 1651 qui
980 1550 1018 1617 ad
1040 1550 1260 1618 similitudinem

84 1636 120 1705 Η
208 1636 247 1709 ei
260 1634 312 1725 uel
331 1634 460 1699 Achillei
487 1573 656 1700 accedellat:
688 1636 786 1724 pisces
812 1636 891 1701 enim
912 1657 945 1700 m
972 1637 1047 1701 mari
1073 1657 1182 1723 magno
1202 1636 1261 1701 lunc

84 1722 164 1789 illuc
190 1719 567 1818 iamnes-repraesentati
594 1727 680 1783 erant
704 1720 737 1783 in
768 1692 841 1785 ost
866 1719 980 1808 clypei:
1012 1719 1050 1786 ad
1079 1720 1260 1807 eundemque

84 1805 338 1957 ppenmppergnet
356 1811 444 1870 auam
466 1802 541 1868 alius
564 1824 668 1868 versus
688 1824 729 1869 ex
748 1802 805 1868 hoc
825 1805 956 1869 numme
976 1803 1054 1892 apud
1073 1803 1261 1870 Athenaeum

104 1973 107 1976 ’
142 1894 352 2039 polluentem
372 1969 404 2036 δ’
427 1969 553 2060 ὠρχεῖτο
574 1971 677 2058 πατὴρ
697 1968 818 2058 ἀνδρῶν
837 1996 872 2037 τι
891 1976 976 2038 θεῶν
992 1995 1034 2037 τε.

87 2058 145 2125 ubi
159 2063 253 2146 poeta
272 2058 368 2146 ipsum
388 2056 549 2124 lovemaad
569 2055 724 2123 Musarum
744 2057 795 2123 vel
814 2055 966 2147 Apollinis
987 2061 1104 2122 canum
1124 2055 1157 2122 in
1177 2061 1261 2122 coetu

88 2142 223 2209 deorum·
237 2142 391 2207 saltantem
412 2142 523 2219 finnt..
550 2141 613 2210 Vix
633 2148 730 2207 autem
752 2140 810 2207 dici
830 2148 942 2231 potest,
963 2148 1144 2230 quantopere
1164 2149 1262 2231 poste·

87 2228 185 2293 rionis
208 2227 273 2291 aevi
293 2234 398 2315 poetae
418 2225 451 2290 in
469 2226 560 2291 armis
581 2227 750 2315 insignibus
772 2226 975 2292 describendis
1004 2227 1062 2292 sibi
1087 2225 1261 2315 placuerint,

87 2311 124 2378 id
145 2310 224 2398 quod
251 2311 338 2376 etiam
359 2311 454 2375 medio
481 2332 555 2399 aevo
576 2312 687 2377 nostris
709 2311 852 2377 accidisse
876 2312 971 2399 poetis
993 2311 1262 2393 animadvertimus,

89 2395 145 2484 qni
171 2416 341 2481 quacunque
367 2395 464 2460 oblata
494 2396 633 2460 facultate
662 2397 793 2460 virorum
825 2396 945 2461 fortium
972 2418 1072 2463 arma
1097 2396 1264 2461 collaudant

90 2487 125 2546 et
152 2487 289 2545 accurate
317 2478 489 2568 depingunt.
531 2479 594 2545 Sed
620 2488 652 2544 ut
672 2479 710 2544 ad
732 2479 887 2546 Cratinum
912 2488 1064 2562 novemur,
1092 2501 1177 2565 quem
1199 2480 1263 2546 dixi

91 2563 189 2634 malta
211 2564 245 2643 in
271 2585 407 2641 sermone
427 2565 601 2646 novavisse,
620 2628 622 2633 ,
642 2584 735 2653 pauca
755 2565 898 2649 quaedam
919 2565 1055 2653 exempla
1074 2565 1263 2653 subiungam,

90 2649 224 2716 maxime
238 2669 312 2734 qnae
331 2648 399 2713 labe
420 2648 517 2733 aliqua
538 2655 587 2712 aut
608 2648 816 2738 depravatione
835 2649 974 2715 videntur
995 2649 1103 2714 affecta
1123 2671 1202 2731 esse,
1223 2671 1263 2717 ex

90 2753 161 2884 pp}
180 2753 303 2797 numero
328 2740 388 2814 est,
417 2733 493 2818 quod
518 2733 629 2819 legitur
657 2734 733 2822 apud
754 2734 949 2819 Scholiastam
972 2734 1098 2799 Homeri
1121 2733 1158 2801 ll.
1177 2733 1263 2804 XVI.

167 2840 176 2880 ι
202 2815 440 2900 Ἀγκυλοχεΐλαι·
461 2816 704 2901 ’παρασδνθιτον
731 2820 764 2883 ἐκ
783 2818 889 2884 τοῦδ
909 2815 1096 2903 κυλόχειλος·
1121 2816 1142 2900 ἢ
1164 2818 1206 2896 ὡς
1224 2818 1261 2884 τὸ

92 2896 299 2967 δεδδκεται
325 2900 411 2986 παρὰ
428 2903 586 2988 Κρατίνῳ.
616 2903 700 2968 lnte
735 2924 786 2968 res
806 2903 858 2968 ille
879 2844 917 2969 cla
937 2911 1059 2971 accentu
1078 2904 1281 2994 potissimum

93 2992 127 3051 et
153 2985 349 3061 declinatione
376 2986 525 3052 disserere
551 2987 683 3070 videtur,
731 2989 738 3003 '
762 3011 779 3052 c
803 2986 1020 3072 ἀγκυλοχείλης
1046 2988 1118 3055 dicit
1140 2987 1263 3053 verbum

91 3070 424 3243 lttdltldtt
439 3069 748 3246 ιῗιξίίίὲόχίδέδ
766 3070 1264 3245 lltttdttltlttotttd

93 3261 161 3309 cum
182 3238 235 3303 illo
256 3240 391 3328 exemplo
414 3239 531 3306 Cratini
552 3241 671 3306 verbum
691 3261 814 3330 prorsus
836 3247 1018 3329 corruptum,
1037 3261 1093 3330 pro
1112 3261 1169 3326 quo
1189 3241 1263 3307 scri·

85 3323 225 3395 dandum
246 3325 375 3389 arbitror
396 3326 573 3402 διοδεκίται,
602 3324 677 3411 quod
704 3326 798 3415 potuit
818 3326 952 3415 componi
974 3347 1040 3390 cum
1058 3324 1112 3391 illo
1132 3323 1264 3410 ἀγκυλο-

89 3412 205 3491 χεῖλαι,
227 3416 472 3498 exspectaverant
492 3411 570 3475 enini
631 3410 776 3475 ammatici
788 3411 980 3486 δωδεκαετεῖς
1000 3409 1072 3475 dici:
1093 3408 1264 3478 vidchoe·

91 3492 239 3559 roboscus
261 3493 338 3582 apud
358 3492 493 3560 Bekker.
515 3494 557 3561 T.
576 3432 632 3560 ill.
653 3517 683 3584 p.
704 3496 804 3562 1375:
828 3491 940 3570 Ἔτος·
967 3493 1006 3559 τὰ
1026 3492 1112 3579 παρὰ
1132 3491 1168 3560 vd
1196 3493 1264 3573 ἔτος

92 3575 174 3663 παρ’
207 3573 280 3659 ἡμῖν
305 3577 362 3659 μὲν
388 3575 561 3657 ὁξδνονται,
593 3605 638 3643 αα
706 3580 742 3644 δὲ
769 3587 835 3655 τοῖς
856 3575 1036 3663 Ἀθηναίοις
1060 3575 1261 3666 βαρδνονται·

94 3660 126 3727 el
152 3659 194 3747 yd
231 3659 393 3744 Ἀθηναῖοι
418 3662 534 3747 διέτης,
561 3664 694 3748 τριέτης,
722 3663 844 3747 ἕξαίτης
873 3664 994 3749 λέγουσι
1020 3661 1199 3752 papatum
1218 3700 1262 3717 -

94 3744 135 3812 οὗ
160 3686 257 3828 μίνον
287 3748 321 3810 δὲ
351 3749 419 3833 περὶ
448 3746 503 3813 τὸν
527 3744 616 3813 τόνον
642 3750 803 3815 πταίουσιν
829 3749 859 3814 οἳ
877 3750 1010 3816 Ἀττικοὶ
1041 3758 1106 3827 τοῖς
1131 3753 1199 3836 περὶ
1225 3749 1262 3815 τὸ

92 3827 164 3906 ἴτος
184 3830 364 3917 βαρυτδνοις
384 3829 482 3912 αὐτοί,
509 3833 588 3898 utta
609 3836 659 3897 nul
672 3837 748 3917 Ιπερὶ
768 3833 824 3917 τὴν
843 3836 955 3900 κλίσιν·
985 3829 1051 3900 οἷον
1077 3833 1262 3900 catenatum

92 3913 156 4001 γὰρ
177 3917 299 4000 λέγουσι
320 3917 375 3999 τὴν
395 3916 518 3982 εὐθεῖαν
537 3924 599 3982 τῶν
625 3924 853 4024 πληθυντικῶν,
881 3918 952 3989 ἀπὸ,
970 3916 1177 4000 ἰσοσυλλίοδου
1197 3922 1262 3984 att
1335 3948 1339 3953 ·

93 4024 173 4076 σεως
203 3997 378 4082 ποιούμενοι
405 4000 514 4086 αὐτήν,
542 4000 642 4088 ὥσπερ
669 4029 685 4067 ο
713 4003 831 4087 οἲκίτης
854 4008 911 4069 τοῦ
938 4004 1056 4070 οἰκέτου
1084 4005 1114 4070 οἳ
1140 4004 1261 4081 οίκίται,

94 4084 113 4149 δ
140 4084 269 4161 είλοντες
290 4089 381 4150 εἰπεῖν
403 4087 431 4151 οἱ
452 4089 672 4166 Δωδεκαετεῖς,
694 4085 794 4174 ὥσπερ
817 4088 847 4153 οἳ
867 4087 1089 4173 Δημοσδίνας.
1123 4089 1260 4157 Ceterum

95 4171 103 4186 '
130 4169 171 4236 ud
197 4168 412 4254 ἀγκυλοχείλης
439 4173 471 4238 in
491 4181 616 4239 mentem
643 4187 763 4239 revocat
783 4174 932 4267 oraculum
957 4173 1035 4267 apud
1054 4174 1210 4264 Aristopln
1229 4176 1262 4239 in

94 4253 173 4342 qu.
193 4277 223 4324 v.
246 4256 322 4322 198:
1020 4357 1040 4426 ¹

206 4385 208 4389 ’
1042 4362 1063 4423 7
