2760 4792
127 214 191 278 220
514 204 918 281 COMMENTATIONES

125 380 206 445 ravit
237 377 401 479 Clearchus
415 359 418 365 λ
433 377 511 467 apud
541 376 728 443 Athenaeum
761 375 831 444 vlt.
859 399 888 466 p.
910 378 974 477 317
1000 378 1028 441 A
1070 378 1124 463 (cl.
1144 377 1289 469 Antigon.

128 464 487 627 ΟἩγίελιουόλόιςιοιλῖόό)ἔμοι
508 546 612 610 τίκνον
633 544 709 629 ’ἔχων
730 541 800 611 νόον
812 543 974 630 Ἀμφίλοχ’
994 542 1086 631 ἥρως,

211 638 319 697 Τοῖαιν
339 628 520 717 ἓφαρμόζευ,
542 637 604 695 τῶν
624 656 676 695 κεν
696 629 775 694 κατὰ
797 632 896 712 δῆμον
913 631 1010 712 ‘laquo

121 738 323 869 qqqshvxeqpps
346 726 376 782 et
386 716 546 806 Theognis
569 739 597 782 v.
618 719 681 782 217
703 723 820 780 secutus
842 722 903 797 est,
925 724 955 780 et
970 715 1290 811 Pindarusexpressit

538 875 582 949 Ὠ
602 885 706 951 τίκνον

205 972 343 1036 Ποντίου
364 970 464 1056 θηρὸς
484 972 630 1055 πετραίου
653 971 747 1053 χρωτὶ
769 966 904 1051 μάλιστα
925 966 997 1035 νόον

206 1057 403 1143 Προσφίρων
430 1052 542 1131 πάσαις
569 1056 723 1121 πολίεσσιν
751 1052 862 1138 ὁμίλει·
895 1061 939 1143 τῷ
968 1051 1110 1137 παρεόντι
1138 1052 1171 1120 δ’
1199 1056 1290 1123 duur·

596 1164 599 1174 ’
808 1135 914 1223 νῆσαις
941 1137 1018 1205 {nolu

199 1224 326 1292 ’Άλλοτ’
350 1223 461 1288 ἀλλοῖα
482 1220 596 1308 φρόνει.

120 1306 161 1375 Et
181 1333 253 1376 vero
275 1313 361 1376 etiam
375 1309 537 1397 Sophocles
558 1310 589 1373 in
612 1307 769 1409 Iphigenia
778 1306 833 1372 Fr.
841 1307 1069 1374 CCLXXXIX.
1090 1308 1195 1397 Neque
1208 1310 1288 1377 enim

118 1397 207 1461 credo
228 1396 301 1460 duos
321 1395 389 1460 illos
410 1416 515 1459 versus
537 1416 577 1458 ex
598 1415 680 1481 eproo
702 1395 799 1478 aliquo
821 1396 967 1475 carmine,
994 1394 1070 1480 quod
1091 1416 1142 1459 res
1163 1395 1288 1463 Thaba-

118 1501 173 1545 nas
196 1481 353 1561 tractabat,
375 1480 507 1544 derivata
529 1500 612 1560 csse,
633 1479 687 1543 sed
708 1481 808 1543 rol'ero
830 1480 866 1544 ad
888 1481 1036 1567 peculiare
1057 1481 1201 1565 quoddam
1222 1502 1289 1547 car-

119 1588 196 1631 men.
240 1565 295 1630 Est
316 1572 411 1629 autem
434 1564 562 1653 suspicio
584 1586 701 1628 carmen
724 1563 813 1644 illud,
836 1566 909 1649 quod
928 1562 1124 1651 Ἀμφιαράου
1146 1568 1286 1642 ἓξελαοία

117 1650 207 1714 inseri
229 1665 287 1715 tum
310 1651 376 1730 suit,
397 1649 529 1735 quodque
550 1649 685 1713 nonnulli
709 1648 840 1713 Homero
861 1651 1029 1714 tribuebant
1049 1650 1122 1733 (vid.
1139 1650 1287 1717 Herodoti

116 1736 168 1801 vit
216 1736 308 1800 omeri
320 1737 376 1800 c.9
389 1747 418 1799 ct
429 1733 550 1799 Suidam
567 1735 600 1798 in
611 1730 797 1819 αὍμηρος)
814 1735 986 1799 didacticum
1003 1736 1097 1800 luisse
1109 1744 1196 1821 atquc
1211 1737 1285 1803 haec

116 1820 181 1908 ipsa
203 1830 358 1910 praccepta
379 1820 646 1907 comprehendisse.
689 1817 741 1882 Sic
763 1841 818 1883 nos
836 1841 949 1906 quoque
976 1842 995 1884 a
1016 1821 1174 1886 maioribus
1201 1844 1285 1889 uoce·

115 1907 210 1994 pimus
232 1908 363 1970 carmina
383 1907 547 1987 simillima,
568 1906 600 1969 in
622 1905 725 1989 quibus
747 1927 780 1968 re
804 1926 837 1969 es
861 1914 911 1970 aut
931 1916 1029 1992 patres
1051 1907 1138 1989 filiis,
1165 1907 1283 1973 liliabns

114 2000 223 2056 matres
250 1992 369 2055 tradunt
389 1998 545 2078 praecepta
566 1989 762 2052 saluberrima
782 1926 820 2054 de
841 1989 961 2072 officim,
983 1991 1130 2074 dejrebus
1157 1992 1281 2081 publicis

113 2082 144 2140 ot
164 2077 288 2165 privatis
309 2075 485 2159 omninoque
507 2073 544 2137 de
566 2074 627 2136 vita
648 2074 798 2160 sapienter
819 2074 937 2161 agenda
958 2077 1235 2165 conformandaque.

199 2160 261 2225 Sed
283 2168 316 2224 ut
336 2159 373 2224 ad
387 2158 547 2225 Chironem
570 2165 737 2221 revertatur
758 2158 863 2240 oratio,
885 2158 1156 2243 Chironis'gnomen
1177 2170 1281 2253 postea

112 2245 286 2309 translatum
309 2251 355 2308 est
376 2242 412 2307 ad
454 2241 566 2307 uemvis
588 2241 733 2305 homiuem
755 2243 935 2330 sapientem,
958 2247 1007 2344 qni
1028 2247 1189 2312 doctrinam
1212 2248 1280 2313 aliis

114 2329 263 2411 tradebat,
305 2329 403 2413 itaque
430 2264 517 2392 Plato
548 2327 673 2390 comicus
700 2325 881 2409 Damonem,
924 2350 974 2415 qur
999 2331 1146 2396 Periclem
1171 2332 1279 2399 lidibns

113 2414 213 2478 docuit
233 2422 343 2478 etvero
366 2413 452 2477 etiam
476 2411 639 2500 sapientiae
660 2418 690 2476 ct
711 2412 913 2501 philosophiae
930 2435 1029 2480 amore
1050 2417 1192 2482 imbuisse
1212 2440 1279 2483 enm
1302 2456 1306 2463 ·

113 2498 306 2582 credebatur,
336 2497 496 2565 Chironem
525 2496 668 2584 appellari
694 2497 766 2561 facit
793 2497 826 2561 in
852 2500 1005 2582 versibus,
1048 2521 1120 2585 quos
1148 2502 1280 2569 somam

111 2583 287 2650 Plutarchus
308 2585 360 2649 vit.
381 2582 508 2648 Periclis
530 2605 555 2646 c.
576 2581 618 2648 l:
1239 2622 1242 2633 ·

195 2672 330 2748 Πρῶτον
349 2669 405 2749 μὲν
427 2659 481 2731 οἶν
500 2692 554 2747 μοι
576 2667 675 2743 λίξον,
697 2664 863 2748 ἀντιβολῶ·
885 2667 924 2731 σὺ
946 2668 1004 2755 γὰρ

188 2750 247 2830 Ὦς
268 2779 378 2839 φασιν,
401 2748 417 2817 ό
439 2754 561 2831 Χείρων
581 2752 753 2834 ίξίθρεψας
774 2754 938 2835 Περικλέα.

110 2835 158 2902 Ita
185 2840 272 2903 etiam
301 2838 418 2904 Cratini
445 2838 544 2902 fabula
572 2858 631 2901 non
658 2837 794 2903 dissimili
820 2840 935 2903 ratione
962 2861 1068 2904 nomen
1096 2862 1115 2907 a
1143 2838 1277 2915 Chirone

110 2925 235 3012 accepit:
248 2929 250 2933 ’
265 2945 403 2988 uumerus
425 2931 519 3007 autem
542 2922 681 3009 pluralis,
708 2923 791 2987 utin
818 2924 885 2988 aliis
908 2923 1024 2989 Cratini
1045 2927 1204 2993 comoediis
1231 2927 1277 2993 in·

71 3035 73 3039 ·
110 3007 188 3074 dicat
209 3010 327 3074 chorum
349 3008 475 3073 existis
499 3007 678 3072 Chironibus
701 3008 884 3090 constitisse,
912 3010 960 3094 qui
984 3008 1199 3077 Centaurorum
1221 3012 1276 3078 ali·

109 3113 193 3178 quam
217 3095 342 3182 speciem
365 3116 436 3182 prae
458 3115 492 3157 se
513 3093 644 3157 serentes
665 3102 837 3181 praecepta,
859 3115 933 3179 quae
955 3094 992 3159 ad
1014 3096 1092 3160 vitae
1113 3096 1275 3163 communis

108 3179 312 3244 institutionon
339 3179 541 3266 pertinebant,
568 3177 706 3241 videntur
725 3179 892 3244 tradidisse.
937 3179 1084 3246 Chirones
1105 3182 1216 3269 igitur,
1243 3182 1275 3250 ld

109 3265 185 3349 quod
207 3274 253 3330 est
273 3267 356 3330 chori
378 3264 522 3344 officium,
548 3264 761 3352 profitebantur
782 3286 817 3328 ea
839 3285 912 3348 quae
933 3266 997 3353 ipse
1019 3276 1105 3355 poeta
1126 3267 1176 3332 diu
1198 3266 1276 3357 apud

109 3351 236 3413 animum
259 3350 295 3414 de
316 3351 405 3414 rebus
428 3348 548 3413 summis
570 3348 724 3411 meditatus
740 3370 811 3412 vcra
831 3358 861 3412 ot
881 3361 962 3414 certa
982 3372 1050 3416 esse
1071 3358 1275 3441 perspexerat.

108 3433 235 3499 Praeter
262 3433 422 3499 Chironum
452 3434 571 3497 chorum
599 3431 738 3496 Solonem
766 3455 878 3518 quoquc
907 3436 943 3499 ab
976 3436 1083 3501 inseris
1111 3437 1274 3521 suscitavit,

107 3519 202 3584 virum
224 3521 351 3583 omnium
369 3517 596 3583 Atheniensium
618 3517 855 3591 honestissimum
876 3521 1189 3608 sapientissimumque.

154 3650 158 3657 -
193 3604 326 3691 Tempus
339 3612 433 3667 autem
446 3623 501 3686 quo
513 3601 614 3666 sabula
625 3602 704 3666 edita
715 3604 754 3666 sit
765 3624 935 3689 quamquam
946 3605 1130 3692 ignoramus,
1148 3608 1274 3673 coniioio

106 3690 160 3752 suh
188 3689 303 3754 initium
330 3687 401 3752 belli
421 3686 667 3774 Peloponnesiaci
693 3689 870 3753 comoediam
897 3693 1034 3778 scriptam
1062 3714 1130 3757 esse
1156 3716 1175 3758 a
1197 3693 1274 3760 Cra-
1318 3716 1323 3731 ·

106 3774 185 3855 tino,
212 3794 277 3837 cum
306 3771 433 3838 nondum
462 3779 543 3834 esset
567 3771 734 3836 incendium
760 3773 833 3838 illud
860 3782 968 3838 ortum:
1003 3776 1080 3841 bello
1106 3778 1185 3842 enim
1213 3779 1273 3845 iam

106 3859 257 3923 saeviente
279 3858 402 3944 gravius
423 3857 509 3920 etiam
531 3857 636 3943 opinor
657 3858 828 3922 voravisset
847 3857 1009 3942 Periclem,
1041 3881 1125 3945 quam
1148 3863 1220 3928 fecit
1239 3864 1273 3929 in

105 3944 156 4009 illo
184 3941 267 4006 chori
293 3941 439 4022 carmine,
469 3940 505 4005 de
533 3960 589 4026 quo
617 3941 675 4005 iam
702 3941 830 4024 dicetur,
860 3943 892 4006 in
920 3965 976 4029 quo
1001 3944 1084 4010 illum
1112 3945 1273 4013 Discordia

104 4036 198 4093 matre
224 4033 399 4115 prognatum
426 4045 494 4090 esse
521 4025 610 4113 fingit
635 4046 757 4111 eumque
778 4029 1021 4113 κεφαληγερέταν
1041 4051 1060 4094 a
1080 4031 1150 4097 Diis
1171 4032 1273 4123 appel·

103 4113 193 4179 latum
215 4132 283 4176 esse
304 4111 363 4175 ait:
391 4131 466 4197 quae
487 4116 547 4173 tum
568 4110 750 4198 potissimum
772 4113 921 4178 commode
948 4111 1006 4178 dici
1027 4123 1179 4203 poterant,
1205 4138 1272 4183 cum

103 4195 261 4283 tranquilla
287 4202 368 4261 esset
388 4217 438 4260 res
459 4193 576 4282 pubhca
602 4216 657 4258 nec
684 4202 808 4260 externo
839 4197 966 4275 hostium
993 4201 1115 4265 tumultu
1142 4202 1271 4291 agitatus

101 4282 173 4349 belli
199 4289 296 4347 annm
325 4280 462 4347 incendio
493 4284 597 4343 exorto
626 4277 705 4343 aliud
733 4280 875 4364 quoddam
907 4282 1029 4368 gravius
1052 4282 1212 4369 Cratinus,
1237 4294 1273 4351 nt
