2760 4792
109 216 172 285 188
490 212 891 282 COMMENTATIONES

105 407 246 470 suumque
266 385 408 449 honorem
428 389 556 447 tueatur:
588 381 741 448 Cratinum
768 388 863 446 autem
891 390 921 445 et
940 380 1114 469 Sophoclem
1136 383 1266 448 nonuina-

105 472 149 535 vit
169 470 305 555 quoniam
325 471 357 534 hi
377 468 471 557 princi
492 489 536 548 es,
556 467 607 531 ille
617 467 799 547 comoediae,
820 466 869 530 hic
888 468 1059 554 tragoediae
1075 474 1161 531 crant
1182 477 1267 553 atque

104 563 226 654 uterque
247 555 312 619 iure
337 554 370 617 in
391 490 649 640 reprehensionem
670 552 868 615 incurrebant.
908 551 1009 636 ltaque
1036 573 1108 615 sano
1130 553 1267 618 existimo

106 639 260 706 Cratinum
280 659 341 701 non
363 645 430 701 ante
442 637 558 724 Olymp.
570 636 773 701 LXXXIX.3
794 644 914 700 mortem
935 637 1056 718 obiisse,
1075 636 1151 700 nihil
1170 650 1269 703 tamen

105 727 260 811 quidquam
287 723 457 811 scripsisse:
510 722 647 805 leraeque
673 743 774 785 omnes
800 721 892 806 igitur
918 722 1036 786 fabulae
1056 742 1178 806 quarum
1198 721 1268 786 reli·

106 811 192 894 quiae
218 813 355 888 exstant,
387 807 413 870 si
442 829 460 871 a
486 745 661 872 lleliadibus
693 812 723 870 et
747 805 858 890 Pytine
879 807 1062 886 recesseriS,
1092 805 1270 873 referendae

106 901 176 958 sunt
196 893 234 956 ad
254 892 327 956 illud
349 899 473 979 tempus,
495 891 570 978 quod
591 891 698 955 bellum
718 890 967 977 Peloponnesium
987 892 1156 978 praecessit.
1186 890 1269 965 Quae

105 980 133 1042 si
153 984 233 1043 recte
255 984 324 1041 sunt
344 977 505 1065 disputata,
527 976 636 1060 aliquid
657 975 810 1038 conferent
830 976 867 1040 ad
889 984 1012 1039 aetatem
1034 997 1134 1039 earum
1154 997 1270 1041 comoe-

106 1064 219 1127 diarum
246 1062 369 1146 quodam
391 1061 475 1125 modo
497 1061 709 1141 definiendam,
735 1061 767 1124 in
789 1082 908 1145 quarum
930 1061 1061 1145 reliquiis
1088 1060 1170 1124 nulla
1196 1067 1268 1127 tem·

5 1188 7 1192 ·
105 1150 186 1236 poris
208 1155 277 1210 nota
298 1147 458 1232 reperitur:
485 1145 517 1208 in
539 1166 660 1229 quarum
681 1166 833 1209 numerum
853 1145 1011 1209 referenda
1032 1152 1078 1208 est
1097 1145 1166 1226 illa,
1194 1166 1269 1230 quac

105 1236 244 1295 Πλοῦτοι
264 1229 450 1294 inscribitur:
484 1230 677 1314 nequeenim
703 1230 734 1292 iu
762 1231 937 1316 fragmentis
963 1230 1114 1314 quisquam
1140 1236 1270 1311 notatum,

106 1339 146 1381 ex
167 1318 249 1379 cuius
271 1315 542 1386 commemoratione
564 1314 759 1377 coniecturam
781 1336 886 1400 capere
911 1315 1007 1402 possis
1037 1315 1074 1378 de
1102 1335 1196 1394 anuo,
1219 1315 1270 1383 ¹cui

105 1400 299 1465 adscribenda
320 1399 360 1462 sit
379 1399 493 1462 fabula:
516 1400 575 1462 nisi
597 1399 672 1482 quod
693 1399 877 1478 Athenaeus,
899 1398 1019 1482 quill.
1041 1421 1069 1485 p.
1080 1401 1144 1463 257
1164 1398 1203 1465 Ε.
1217 1400 1269 1463 'in-

106 1487 222 1571 signem
249 1484 343 1547 locum
370 1485 522 1570 proponit,
550 1505 633 1568 quem
661 1484 811 1571 excipiunt
837 1484 948 1547 similes
971 1485 1143 1547 comicorum
1190 1496 1269 1549 oeta-1

104 1592 169 1633 rum
200 1568 428 1654 descriptiones,
459 1569 552 1654 prima
577 1568 690 1652 quidem
720 1589 758 1631 ex
786 1567 914 1632 Cratetis
942 1567 1046 1649 Feris,
1076 1505 1205 1635 secunda
1230 1588 1269 1633 ex

72 1720 77 1729 ,
105 1654 269 1718 Teleclidis
290 1656 348 1717 Am
361 1654 567 1738 ›hictyonibus,
588 1660 654 1740 post
675 1653 762 1733 aliae,
783 1653 862 1716 infra
883 1675 911 1740 p.
922 1654 985 1717 268
1003 1653 1042 1716 D.
1064 1652 1134 1717 dicit
1154 1662 1269 1719 ceteros

106 1740 231 1803 comicos
259 1759 294 1801 se
320 1675 360 1802 ad
380 1737 496 1802 Cratini
522 1738 686 1825 exemplum
712 1738 926 1824 composuisse,
953 1759 987 1801 se
1015 1744 1110 1801 autem
1137 1740 1269 1803 dramata

105 1845 141 1888 eo
163 1822 276 1903 ordine,
299 1844 353 1906 quo
375 1823 486 1887 fuerint
508 1822 602 1903 docta,
622 1824 824 1886 recensuisse:
846 1823 944 1906 itaque
964 1830 1044 1885 certe
1058 1829 1126 1885 ante
1139 1823 1268 1891 Cratetis

103 1907 200 1973 Feras
223 1915 252 1971 et
273 1907 436 1971 Teleclidis
457 1908 690 1994 Amphictyonas
711 1908 809 1971 docuit
830 1905 969 1970 Cratinus
991 1907 1139 1990 Divitias,
1170 1930 1269 1995 quam·

104 2015 190 2078 quam
216 1992 290 2056 illud
316 1993 411 2080 ipsum
438 1993 610 2076 ignoramus
637 2010 692 2074 quo
719 1998 848 2077 tempore
875 1991 932 2054 hae
965 1992 1131 2057 comoediae
1158 1992 1274 2057 fuerint

104 2079 211 2142 editae.
230 2077 375 2140 Fortasse
388 2082 483 2139 autem
495 2075 597 2139 incidit
603 2070 725 2138 'Cratini
740 2075 841 2138 fabula
852 2075 883 2136 in
894 2074 1097 2162 Olympiadem
1109 2076 1267 2160 LXXXV,

105 2184 169 2227 cum
190 2162 241 2225 lox
262 2168 342 2224 esset
364 2161 437 2238 lata,
459 2181 497 2222 ne
518 2159 582 2241 quis
604 2158 774 2221 nominatim
794 2158 826 2221 in
848 2180 936 2222 scena
957 2168 1117 2226 notaretur.

188 2246 250 2308 lam
273 2265 312 2307 ex
332 2243 465 2326 reliquiis
487 2243 573 2305 huius
594 2241 767 2305 comoediae·
781 2242 869 2306 facile
889 2243 1040 2330 intelligas
1061 2252 1175 2333 poetam
1196 2246 1268 2309 ima·

105 2331 206 2417 ginem
228 2329 305 2392 vitae
326 2327 531 2406 felicissimae,
553 2326 647 2410 qualis
669 2326 737 2389 olim
759 2325 888 2391 Saturno
909 2337 1055 2414 regnante
1074 2330 1170 2394 fuisse
1191 2330 1270 2395 dice-

105 2418 208 2495 batur,
229 2413 426 2500 spectantibus
448 2411 634 2491 exhibuisse,
655 2411 687 2473 in
709 2432 764 2495 quo
786 2412 901 2495 quidem
922 2421 1095 2500 argumento
1116 2412 1269 2503 postcra-

106 2501 198 2564 tinum
221 2520 310 2586 saepe
330 2518 451 2561 numero
479 2497 578 2560 comici
599 2502 703 2583 poetae
726 2497 835 2561 versati
862 2503 939 2561 sunt.
980 2498 1151 2586 Peruagata
1172 2505 1269 2565 autem

106 2607 141 2648 ac
168 2584 236 2648 fusa
263 2605 316 2671 per
343 2604 444 2647 omnes
472 2581 651 2666 antiquitatis
678 2587 783 2667 gentes
809 2581 866 2645 fuit
890 2582 1004 2730 oppnio,
1047 2583 1116 2647 olim
1144 2590 1268 2648 aetatem

105 2671 201 2735 fuisse
221 2669 420 2732 beatissimam
445 2673 531 2750 atque
559 2665 642 2749 quasi
663 2687 800 2747 auream,
827 2687 891 2729 cum
940 2688 1051 2731 ommes
1077 2668 1167 2732 nullis
1189 2667 1268 2733 uitiis

105 2754 294 2818 contaminati
314 2761 364 2815 aut
382 2750 553 2815 libidinibus
574 2750 688 2813 incensi
704 2751 793 2813 vitam
815 2759 940 2837 agerent
960 2754 1037 2839 piam
1057 2753 1269 2838 honestamque

106 2847 135 2903 et
156 2846 275 2926 propter
295 2838 327 2904 id
347 2838 442 2924 ipsum
464 2835 583 2899 deorum
605 2835 738 2898 convictu
750 2841 780 2897 et
790 2835 999 2900 consuetudine
1020 2842 1183 2917 uterentur,
1203 2858 1269 2901 cum

104 2924 187 2987 ferae
209 2942 321 3005 quoque
343 2928 372 2985 et
394 2920 504 2984 bestiae
525 2921 637 2984 cicures
659 2927 773 2999 essent,
794 2919 882 2983 tellus
903 2928 998 2984 autem
1020 2922 1086 2985 sine
1106 2922 1184 2985 cultu
1204 2922 1269 2985 fru-

105 3029 160 3094 ges
188 3006 326 3069 sunderet
352 3005 547 3092 largissimas.
589 3004 677 3068 Hanc
702 3003 871 3067 felicitatem
899 3005 951 3068 alii
978 3006 1036 3069 alio
1058 3006 1142 3070 modo
1169 3006 1269 3095 populi

103 3113 156 3179 pro
179 3090 294 3177 ingenii
320 3091 490 3154 diversitate
514 3095 748 3169 exornaverunt,
777 3089 810 3150 iu
831 3110 866 3151 eo
892 3095 990 3153 tamen
1016 3111 1117 3155 omues
1144 3088 1275 3155 consen?

104 3177 194 3256 tiunt,
222 3176 316 3240 fuisse
343 3174 497 3260 aliquando
519 3186 647 3260 tempuS,
675 3193 729 3256 quo
752 3174 865 3235 animus
891 3174 1034 3237 humanus
1063 3197 1126 3239 cum
1149 3177 1269 3240 numine

104 3261 204 3326 divino
227 3261 390 3324 arctissimo
406 3259 522 3323 vinculo
535 3259 625 3323 fuerit
645 3258 825 3338 coniunctus,
847 3258 940 3321 divini
961 3268 1042 3322 ortus
1064 3266 1093 3322 et
1112 3260 1269 3347 progeniei

104 3347 146 3410 ita
167 3367 297 3426 memor,
330 3353 361 3408 ut
382 3367 436 3408 sua
457 3365 472 3406 s
493 3349 560 3406 onte
581 3344 719 3430 pietatem
740 3342 978 3426 honestatemque
1001 3344 1124 3408 coluerit
1144 3346 1270 3409 sanctis·

104 3432 187 3494 simo.
230 3429 270 3492 lit
292 3429 399 3494 Graeci
427 3365 541 3512 quidem
562 3427 718 3515 perhibent
744 3448 863 3489 aureuur
889 3426 963 3491 illud
989 3428 1136 3492 saeculum
1163 3429 1268 3507 fuisse,

105 3537 168 3579 cum
196 3513 330 3594 Cronus,
373 3513 605 3596 antiquissimum
631 3511 751 3575 deorum
783 3532 894 3596 genuS,
937 3513 1035 3576 omnia
1060 3535 1114 3577 suo
1147 3514 1268 3579 numine

104 3605 224 3686 regeret
251 3605 335 3680 atque
363 3598 593 3661 administraret:
620 3595 838 3681 antiquissimus
866 3602 967 3660 auctor
992 3604 1038 3661 est
1058 3597 1210 3665 Hesiodus
1236 3598 1268 3662 iu

105 3683 250 3772 Operibus
272 3704 300 3744 v.
324 3682 401 3745 108:

184 3764 240 3841 Ὡς
262 3762 376 3844 ὁμόθεν
396 3759 519 3847 γεγάασι
540 3765 609 3827 θεοὶ
630 3763 742 3846 θνητοί
760 3759 790 3825 τ’
813 3759 984 3846 ἄνθρωποι,

188 3846 331 3931 Χρύσεον
351 3849 406 3930 μὲν
427 3844 582 3933 πρώτιστα
604 3849 688 3930 γένος
711 3841 853 3930 μερόπων
874 3845 1046 3932 ἀνθρώπων

182 3931 349 4000 Ἀθάνατοι
371 3935 515 4015 ποίησαν,
534 3931 696 4013 Ὀλύμπια
717 3929 835 4011 δώματ’
860 3930 990 4013 ἔχοντες·

192 4020 231 4083 Oi
250 4020 306 4100 μὲν
327 4021 375 4083 ἐπὶ
397 4016 520 4125 prdoov
541 4010 630 4099 ἦσαν,
653 4015 694 4081 ὅτ’
719 4016 839 4103 οὐρανῷ
861 4018 1071 4096 ἐμβασίλευεν·
1109 4054 1113 4061 -

182 4100 238 4179 Ὡς
259 4103 293 4168 δὲ
313 4106 381 4168 θεοὶ
403 4106 544 4181 Coronae,
573 4101 688 4184 ἀκηδέα
709 4100 812 4181 θυμὸν
833 4099 963 4181 ἔχοντες,

188 4185 312 4274 Νόσφιν
332 4186 404 4273 ἄτερ
426 4212 458 4252 τε
479 4183 581 4250 πόνων
601 4190 651 4250 καὶ
673 4182 788 4263 ὀϊζύος·
813 4185 886 4249 οὐδέ
904 4211 934 4249 τι
955 4183 1053 4250 δειλὸν

187 4274 292 4362 Γῆρας
312 4275 400 4358 ἐπῆν,
432 4271 478 4338 olel
500 4271 533 4336 de*
554 4266 651 4347 πόδας
672 4273 722 4335 καὶ
740 4279 845 4357 χεῖρας
867 4267 965 4352 ὁμοῖοι
