2760 4792
145 242 210 309 420
526 234 929 307 COMMENTATIONES

232 405 352 491 Τηρεὺς
371 406 430 493 γὰρ
453 401 480 471 εἶ
497 403 555 490 ool,-
576 403 705 491 πότερον
723 401 805 489 ὅρνις
825 400 845 489 ἢ
866 392 958 480 ταῶς.

147 495 198 557 καλ
219 489 326 555 πάλιν·

222 575 326 663 Ὄρνις
347 576 444 657 δῆτα·
465 575 511 651 τίς
531 572 604 639 ποτ’
629 575 719 637 ἐστίν·
741 570 777 638 οὗ
800 569 899 655 δήπου
920 560 1021 653 ταῶςς

144 662 264 743 λέγουσι
292 661 326 723 δὲ
352 662 402 723 καὶ
428 657 484 742 τὴν
511 657 634 740 δοτικὴν
658 683 769 736 ταωνι,
796 655 838 733 ῶς
859 659 891 722 ἐν
911 663 955 743 τῷ
973 650 1144 742 Ἀναχδρῳ
1160 652 1318 741 Ἀρισται,

145 743 254 832 φάνης.
276 764 306 809 ec
326 742 468 809 Seleucus
489 743 559 808 ibid.
581 766 609 832 p.
630 743 695 808 398
710 743 756 808 A:
777 737 972 827 Παραλδγως
993 742 1027 810 δὲ
1048 741 1077 805 oi
1094 740 1240 805 Ἀττικοί
1261 742 1318 805 καλ

145 829 311 894 δασύνουσι
345 831 396 892 καὶ
422 833 598 912 περισπῶσι.
642 827 717 892 adde
743 825 1258 915 Schol.Ariatoph.Avv.v.1⁰3
1286 832 1319 892 et

145 916 218 982 269.
238 915 350 984 Verum
371 914 470 1001 priore
491 913 555 977 loco
577 912 652 976 alios
672 913 819 999 interpres
841 913 914 976 scite
930 911 1094 976 adnotavitt
1112 904 1319 985 Ὀξιίνεταιδδ

144 1003 194 1063 καὶ
216 1004 408 1082 περισπᾶται.
448 998 550 1083 Itaque
573 997 660 1062 ctiam
681 992 802 1083 ὀρφῶς,
823 996 986 1080 ubicunqne
1007 995 1077 1060 lihri
1097 1002 1227 1077 tuentur,
1247 1014 1316 1059 eon·

143 1085 270 1149 vandum
292 1104 408 1148 censeo.
450 1082 493 1147 At
514 1082 602 1146 attica
622 1087 702 1145 certo
729 1081 815 1144 huius
837 1080 972 1145 vocabuli
991 1079 1088 1144 forma
1107 1086 1138 1143 et
1220 1080 1228 1095 ⁶
1268 1078 1317 1145 iac

143 1176 173 1233 ot
192 1168 312 1233 Platoni
338 1174 384 1232 est
404 1166 601 1245 restituenda3
634 1165 807 1251 vulgaribus
830 1166 907 1229 onim
929 1165 1072 1230 eiusmodi
1092 1163 1197 1230 formis
1251 1160 1317 1229 ttici

141 1253 201 1317 nisi
222 1252 373 1318 rarissime
394 1252 441 1315 usi
461 1272 522 1314 non
544 1260 623 1330 sont,
645 1250 687 1313 oti
709 1249 800 1313 semel
821 1248 863 1313 So
885 1249 984 1314 hocles
1005 1250 1037 1314 in
1050 1246 1192 1335 Satyrion
1209 1246 1318 1315 unuh

141 1337 173 1403 in
195 1338 311 1423 Amyco
333 1335 451 1400 admisit
472 1330 581 1417 λαγός,
604 1334 662 1398 vil.
685 1330 845 1401 Athen.V
893 1355 950 1422 .p.
973 1331 1038 1399 430
1057 1331 1101 1399 B:
1169 1330 1172 1335 ’

226 1425 257 1483 Γ
255 1421 371 1505 ἔρανοι,
393 1424 538 1502 κορῶναι,
560 1422 703 1501 γλαῦκες,
728 1421 849 1493 ἰκτῖνοι,
871 1418 968 1503 λυφοί.
1265 1484 1271 1491 ,

140 1504 239 1592 Atque
267 1528 286 1569 a
312 1504 485 1569 comicorum
513 1523 649 1566 sermone
680 1502 747 1567 talis
774 1503 893 1569 licentia
920 1503 1009 1568 multo
1037 1501 1150 1585 maging
1200 1520 1316 1567 omo

141 1589 312 1676 tragoediae
326 1588 535 1653 consuetudine
556 1587 706 1668 abhorret,
727 1587 785 1651 nisi
797 1586 994 1674 quodAlexio
1015 1587 1048 1652 in
1059 1587 1156 1676 Lamp
1196 1608 1214 1653 c
1235 1584 1316 1677 apud
1363 1598 1371 1613 “

140 1674 326 1739 Athenaeum
348 1670 430 1741 XIV.
452 1695 480 1763 p.
501 1669 566 1737 654
587 1669 624 1736 F.
646 1671 736 1736 dixit:

527 1754 605 1820 Οὐδ’
629 1757 655 1818 εὶ
675 1752 754 1840 χάλα
775 1760 871 1839 λαγοῦ

224 1839 317 1922 Εἶχον
337 1840 382 1922 μδ
404 1839 459 1923 τὴν
478 1844 535 1924 γῆν
557 1842 608 1903 καί
628 1839 710 1915 ταῶς
730 1839 905 1905 κατίσδιον.

138 1926 514 2013 ubiSchweighaooserus
536 1924 619 2007 λαγῶ
641 1926 772 1989 scrisit:
800 1926 897 2012 itaque
923 1926 1011 1990 etiam
1038 1925 1235 2014 configendus
1266 1930 1314 1989 mo

140 2011 270 2093 Callian,
292 2013 373 2076 cuius
395 2011 468 2074 dnos
491 2009 650 2073 versiculos
673 1947 829 2098 alscripsit
848 2010 1023 2076 Athenaeus
1044 2010 1113 2079 VII.
1134 2032 1164 2099 p.
1184 2007 1313 2077 PfflA:

133 2093 311 2179 ”Αχαρνος·
341 2096 478 2169 Καλλίας
498 2090 669 2174 Κύκλωψι·
813 2116 817 2123 ·
1033 2099 1036 2105 '
1199 2142 1202 2147 .

226 2183 368 2262 Κίθαρος
389 2178 482 2253 ὂατδς
503 2180 553 2241 καλ
573 2180 676 2258 βατίς,
698 2174 815 2241 θύννου
836 2202 868 2242 τε
889 2174 1057 2265 κεφάλαιον
1077 2178 1154 2255 τοδί,

218 2263 389 2347 Ἐγχέλεια,
412 2260 557 2347 κάραβοι,
580 2258 691 2338 λινεύς,
713 2260 846 2343 ἄχαρνος
867 2260 982 2327 οὑτοσί.

138 2356 169 2414 at
190 2348 281 2413 Attici
308 2368 367 2410 non
395 2345 527 2430 ἄχαρνος
553 2346 708 2428 dixerunt,
736 2347 790 2413 seo
816 2345 974 2432 ἀχαρνοίς,
1001 2353 1103 2434 estque
1127 2346 1185 2413 hoc
1211 2346 1224 2413 i
1260 2366 1310 2413 nn

138 2433 254 2499 Calliae
282 2431 509 2539 restituendum,
542 2431 608 2538 χίδ-
622 2431 836 2540 Grammaticos
858 2433 896 2540 ln
912 2432 1060 2540 εΒολξλιφτὶ
1080 2429 1195 2497 Αοοτδ.
1253 2432 1309 2541 ,λ

136 2515 272 2683 iiiiii
288 2517 767 2684 latittfttatittf‘tttt',
782 2518 1221 2687 iliiiailiiaim‘
1245 2518 1312 2583 Κλ

219 2686 283 2750 Iam
304 2707 376 2750 vero
403 2686 484 2750 satis.
498 2692 619 2773 apparet
638 2683 792 2750 Platonem
821 2685 858 2750 ad
879 2686 1032 2776 Amipsiao
1053 2708 1087 2752 se
1107 2686 1310 2775 compostum

137 2770 314 2859 exemplum,
354 2770 565 2855 nandoqnidem
579 2769 646 2833 Ami
668 2770 728 2834 sias
751 2769 887 2836 Conmm
910 2771 1006 2836 locuit
1025 2770 1147 2836 learcho
1167 2778 1309 2861 procuro

138 2855 255 2943 Olymp.
388 2854 440 2918 IX.
456 2855 487 2936 ί,
509 2853 582 2938 (vid.
604 2791 757 2919 Dilascal.
778 2853 931 2946 Aristoph.
952 2856 1097 2921 Nobinm:
1118 2856 1165 2921 Al
1184 2862 1308 2941 πρῶτοι
1361 2916 1364 2921 .

138 2939 275 3024 Νεφέλαι
296 2936 506 3019 ἐδιδάχθησαν
526 2940 560 3002 δν
579 2934 677 3011 ἄστει,
699 2940 748 3002 lul
770 2936 917 3024 ἄρχοντος
934 2938 1091 3023 Ἰσάρχου,
1112 2938 1163 3005 δτε
1239 2948 1309 3007 ori·

139 3048 191 3098 νος
209 3023 266 3104 μὲν
290 3025 372 3088 ἐνίκα
393 3026 528 3109 Πυτίνῃ,
547 3022 720 3102 Ἀμειψίας
747 3024 780 3087 δὲ
801 3023 935 3112 Κόννῳ).
977 3026 1065 3104 Plato
1092 3034 1212 3091 autem*
1244 3026 1307 3091 lou·

137 3109 275 3197 phontem
297 3108 386 3173 molto
408 3115 474 3195 post
496 3106 594 3173 Callia
614 3114 751 3194 praetore
773 3107 890 3198 Olymp.
910 3108 1023 3175 XCIII.
1044 3113 1082 3193 3,
1107 3109 1182 3195 (vid.
1204 3110 1307 3177 diluo-

136 3192 191 3258 cal.
209 3192 359 3280 Aristoph.
371 3192 535 3257 Rotnarum:
553 3189 730 3274 Ἐδιδοίχθη
752 3194 801 3256 ἐπὶ
824 3197 961 3258 Καλλίου
982 3200 1037 3259 τοῦ
1058 3194 1135 3274 μετὰ
1151 3192 1306 3279 Ἀντιγίη

137 3275 189 3340 διὰ
213 3280 385 3341 Φιλωνίδου
410 3279 452 3352 τίς
471 3273 615 3358 Λήναια·
649 3282 768 3360 πρῶτος
795 3269 846 3356 ἦν,
877 3276 1028 3362 Φρύνιχος
1049 3276 1189 3363 &euoenon
1208 3276 1306 3345 Mot'h

136 3385 219 3437 σαις,
240 3358 377 3425 Πλάτων
408 3362 509 3445 τρίτος
530 3363 735 3444 Κλεοφῶντι).
777 3362 881 3449 Neque
908 3364 985 3429 enim
1012 3363 1100 3429 Plato
1120 3362 1240 3429 vileflor
1255 3362 1305 3433 {no

135 3446 187 3509 illo
209 3447 330 3510 crimine
351 3446 547 3511 absolvendos
560 3467 638 3527 esse,
660 3447 691 3510 in
704 3446 779 3530 qood
801 3448 914 3513 mediae
931 3449 1113 3537 potissimum
1134 3446 1319 3525 comoediam.

135 3536 239 3619 poetae
260 3531 432 3619 saepissime
452 3531 615 3611 incurrunt,
636 3537 668 3594 ut
688 3551 762 3615 quae
784 3532 820 3596 ab
844 3532 910 3597 aliis
932 3536 1026 3622 poetis
1047 3534 1119 3599 scite
1136 3532 1307 3621 catologu-

137 3614 281 3681 terdicta
307 3623 336 3679 et
365 3616 486 3679 inventa
511 3636 579 3679 esse
607 3615 878 3698 animadvertisset,
905 3640 942 3684 ea
961 3620 995 3683 in
1021 3641 1105 3684 soom
1127 3639 1214 3685 neum
1232 3638 1307 3689 eon·

136 3706 273 3764 verteret.
315 3699 362 3763 Ita
381 3699 517 3764 Platonis
539 3720 660 3780 versos,
681 3720 754 3785 quos
774 3700 885 3766 Pollux
904 3701 958 3771 VI
981 3704 1042 3770 103
1062 3702 1166 3769 affort:

223 3784 371 3847 Φείδεσθε
392 3783 537 3848 τούλαίου
558 3782 690 3869 σφόδρ’·
712 3786 744 3860 ἐξ
764 3785 879 3869 ἀγορᾶς
898 3786 929 3850 δ’
953 3786 1012 3873 ἐγὼ

168 3870 171 3875 ’
216 3865 386 3949 Ὠνῆσομαι
408 3871 535 3952 στίλβην
554 3868 625 3943 τιν’,
652 3865 720 3948 ἥτις
738 3869 783 3953 μὴ
804 3868 901 3947 πότις.

135 3972 273 4038 magnam
300 3974 372 4017 sane
399 3953 510 4019 habent
540 3953 760 4019 similitudinem
787 3977 851 4020 cum
878 3955 1034 4044 Hermippi
1060 3955 1231 4045 fragmento
1263 3974 1305 4023 ox

135 4036 205 4101 Diis
228 4036 303 4124 apud
324 4037 463 4102 Photiom
483 4060 512 4127 p.
533 4038 613 4120 538,
634 4039 693 4103 21:

535 4119 594 4198 Ἐξ
614 4121 729 4207 ἀγορᾶς
750 4121 782 4186 δ’
806 4122 865 4208 ἰχῶ

214 4199 385 4287 Ὠνῆσομαι
405 4202 514 4288 λείχνον
544 4205 604 4272 τιν’
627 4206 647 4290 ἢ
669 4209 795 4289 οτίλβην
816 4203 922 4294 (τινά).
1177 4256 1181 4263 -

132 4291 175 4356 ita
202 4290 281 4356 enim
305 4310 412 4356 versus
444 4291 693 4380 redintegrandus
720 4293 855 4360 videtur:
897 4314 1069 4382 quamquam
1097 4294 1157 4363 hoc
1183 4294 1302 4385 quiden
