2768 4770
267 205 331 272 'DE
352 204 495 282 RELIQ.
516 202 704 275 COMOED.
720 204 830 298 ΠΤ.
850 208 996 288 ANTIQ.
1147 214 1212 283 263

75 376 154 442 enda
170 384 222 442 est
242 398 386 465 germana
406 375 492 441 lectio
511 376 734 463 Ζορωτέρα·
756 375 973 462 ἇκρατεοτέρα.
994 379 1111 447 Atticus
1132 383 1211 448 euim
1301 394 1305 402 '

74 463 151 548 iquis
177 470 266 564 poeta
293 462 336 525 sic
362 460 497 543 dixerat,
528 462 631 526 eadem
657 464 773 528 numeri
801 464 978 529 necessitate
1004 472 1136 550 coactus,
1178 479 1211 533 ut

75 546 186 612 solenti
206 546 260 611 illa
280 546 377 610 forma
397 553 540 610 uteretur:
562 545 617 610 τὸν
630 544 754 631 εάζορον
774 555 870 613 autem
892 549 968 637 apud
978 548 1209 640 Aristophanem

74 633 133 697 cile
158 632 225 697 sine
253 631 435 695 substantivo
457 624 566 717 (οἶνον)
588 631 645 697 dici
671 633 779 721 potuit,
811 633 1042 719 quandoquidem
1068 636 1156 701 etiam
1176 637 1209 701 in

74 717 180 807 cpulari
210 716 263 864 iltla
293 716 460 797 cantilena,
502 736 577 802 quae
607 715 736 781 Athenis
766 717 799 781 in
831 716 1007 805 Thargeliis
1039 721 1209 804 canebatur,

74 811 151 868 ctum
174 823 254 866 era:

128 889 194 951 Kal
217 881 316 949 κύλικ’
339 879 486 966 εδζιάρον,
508 881 550 961 ὡς
571 881 609 949 lb
628 880 792 965 μεθδονσα
813 882 979 971 καθεύδῃς.

74 972 103 1040 d.
125 993 216 1060 supra
235 993 264 1059 p.
278 968 331 1035 41.
351 1005 394 1019 -
415 970 512 1035 Porro
532 971 658 1035 Photius
679 992 708 1058 p.
720 970 844 1051 254,3:
867 967 1061 1058 Μελάχχρως
1080 972 1132 1037 καλ
1151 997 1208 1055 με-

74 1072 191 1160 ἱγχρης·
213 1067 373 1156 ἀμφότερα
388 1067 526 1136 Ἀττικά·
551 1076 671 1150 μᾶλλον
692 1071 726 1134 δὲ
747 1070 874 1135 altelred
896 1059 933 1155 η’·
954 1075 1118 1159 Κρατῖνος.
1138 1092 1208 1139 nam

74 1161 160 1227 detur
179 1158 352 1260 posterioris
374 1156 487 1221 formae
507 1163 610 1220 testem
625 1155 779 1221 Cratinum
801 1157 956 1222 adhibere:
979 1165 1009 1221 et
1030 1179 1102 1223 saue
1114 1158 1208 1223 Attici

74 1257 225 1332 equenuus
246 1240 418 1326 μιλαχχρὴς
438 1263 523 1327 qnam
544 1237 880 1324 μιλάγχρωςδίκονιιοῐ,
902 1241 949 1307 Eu
970 1242 1025 1307 olis
1047 1264 1093 1331 ap.
1105 1241 1207 1310 Schol.

74 1351 166 1396 omer.
188 1328 298 1413 Odyss.
319 1327 359 1391 11.
381 1327 452 1393 157.
485 1326 646 1390 Poliochus
668 1347 715 1413 ap.
737 1325 923 1392 Athenaeum
943 1263 984 1394 ll
1004 1347 1034 1416 p.
1055 1330 1099 1396 oo
1118 1326 1164 1394 B:

126 1412 256 1496 Μικράν
275 1416 429 1493 μελαγχρῆ
449 1412 550 1491 μᾶζαν
569 1408 778 1495 ἠχυρωμένην.
953 1447 956 1451 ’

90 1498 280 1586 Antiphanes
300 1496 372 1560 ibid.
392 1495 445 1563 lv.
466 1518 495 1584 p.
518 1495 578 1560 161
601 1494 646 1559 A:

125 1579 241 1664 Μάζης
259 1586 415 1665 μελαγχρῆ
441 1580 551 1665 μερίδα
573 1575 741 1661 λαμβάνων
760 1577 852 1645 λέπει.

74 1668 360 1759 eperiunturtamen
382 1666 469 1729 etiam
496 1665 527 1728 in
551 1663 691 1748 Cratino,
732 1685 807 1762 quae
828 1664 1013 1752 grammatici
1034 1665 1070 1731 ab
1091 1664 1205 1732 Attico-

75 1775 105 1820 m
133 1774 189 1817 usu
217 1758 248 1817 et
274 1750 484 1815 consuetudine
516 1748 656 1814 recedere
689 1749 885 1830 arbitrantur,
929 1749 987 1814 vid.
1013 1749 1205 1838 Phrynichus

74 1839 178 1904 ekkeri
199 1836 241 1902 T.
261 1836 288 1901 l.
307 1858 336 1924 p.
358 1836 409 1916 13,
428 1831 754 1915 131Ἀιιοννχέζεσδαι
775 1835 827 1896 καλ
848 1830 1041 1914 ὀνοχίζεσδαι
1062 1833 1205 1912 Ἀττικῶς

74 1923 179 2032 αφέηει
199 1956 243 1972 -
271 1928 425 2003 Κρατῖνος
453 1918 557 2001 μέντοι
581 1916 618 1981 τδ
639 1917 843 2000 ὠννχισμένον
869 1916 918 1980 ἐπὶ
938 1922 996 1983 τοῦ
1015 1921 1204 2001 τετμημένον

74 2008 113 2091 df
133 2028 249 2089 ὀννχας
274 2005 419 2071 τέθεικεν.
467 2002 622 2068 Eiusmodi
649 2010 695 2068 cst
730 2004 818 2067 etiam
843 2001 932 2083 illud,
976 2002 1053 2089 quod
1076 2003 1204 2070 Photim

74 2092 130 2171 [erl
161 2114 190 2182 p.
210 2094 269 2172 90,
290 2093 347 2156 23:
384 2086 596 2174 Θηλάστριαν·
630 2085 670 2172 ἢν
695 2083 869 2171 θηλάσεταέ
891 2107 953 2162 τις·
981 2089 1079 2164 ἰδίως·
1107 2085 1204 2165 οὕτως

74 2185 205 2265 ρατῖνος.
259 2174 453 2241 Scribendum
486 2170 695 2255 θηλάζεταί
728 2193 791 2248 τις·
822 2172 962 2248 Ἰακῶς.
998 2173 1094 2238 media
1125 2175 1203 2244 enim

74 2284 136 2328 rma
157 2262 244 2326 etiam
264 2260 417 2342 usitatior,
444 2280 531 2346 quam
552 2259 647 2322 activa
672 2258 829 2347 praecipue
850 2257 1069 2356 significatione
1089 2259 1204 2323 intran-
1239 2280 1241 2284 ·

74 2348 142 2427 iva3
173 2345 283 2410 Ionicis
311 2351 405 2409 autem
432 2345 560 2409 maxime
580 2343 689 2407 usitata
708 2343 762 2407 illa
782 2363 855 2423 vox,
885 2342 917 2407 ud
937 2342 1015 2427 quod
1035 2343 1120 2408 docet
1140 2344 1204 2409 He·

74 2432 174 2496 chius:
199 2426 394 2514 Θηλάστρια·
416 2426 548 2513 τροφός·
571 2425 634 2492 ἔστι
657 2426 690 2490 δέ
698 2423 806 2491 Ἰακδν.
828 2429 992 2510 Σοφοκλῆς
1004 2425 1202 2516 Ἀλεξάνδρῳ.

74 2539 79 2580 ;
99 2517 144 2581 sic
164 2516 286 2580 verbum
307 2535 419 2599 quoque
432 2511 576 2594 θηλάζειν
595 2511 777 2600 potissimum
799 2511 835 2574 ab
855 2509 977 2575 Ionibus
999 2518 1045 2576 est
1065 2513 1204 2599 frequen·

74 2608 148 2682 lum,
168 2600 228 2665 vid.
243 2599 388 2664 Plotius:
413 2595 579 2678 Θηλάζειν·
601 2595 637 2660 τδ
658 2597 778 2682 τρέφειν
798 2599 843 2659 τῶ
863 2592 1006 2679 γάλακτι·
1029 2595 1058 2660 οἳ
1079 2594 1202 2683 άρχαΐοι

74 2682 163 2760 img-
184 2687 235 2749 καλ
256 2680 391 2762 μάλιστα
414 2683 442 2746 οἳ
457 2681 565 2755 Ἴωνες.
587 2680 648 2747 Sed
689 2689 788 2746 raeter
801 2657 954 2747 Cratinum
976 2686 1006 2744 et
1026 2679 1202 2770 Sophoclem

74 2771 115 2835 xit
143 2770 229 2833 eliam
255 2767 395 2856 Eupohs,
431 2768 492 2832 vid.
517 2766 629 2830 Pollux
653 2703 721 2836 llll.
747 2765 805 2832 50:
849 2765 917 2847 Τὴν
943 2764 978 2829 δὲ
1004 2764 1090 2847 aare
1107 2791 1203 2832 ονοαν

74 2853 173 2930 λιιολις
188 2849 483 2939 τίθηνθηλάοτριαν
495 2850 662 2933 ὠνόμασεν.
683 2851 746 2916 Sed
761 2872 822 2915 nou
843 2851 948 2916 mirum
969 2858 1015 2916 est
1033 2852 1066 2915 in
1078 2850 1201 2918 Cratino

74 2940 130 3004 rlta
158 2938 318 3025 avulgari
348 2937 557 3002 consuetudine
587 2935 755 3001 recedentia
783 2935 925 3023 reperiri:
967 2957 1035 3000 nam
1067 2937 1142 3001 sicut
1169 2937 1202 3000 in

74 3024 219 3112 gementis
240 3022 401 3086 uacmndis
422 3043 532 3124 magna
553 3022 675 3107 audacia
697 3029 829 3085 versatus
851 3026 907 3102 est,
927 3019 959 3085 id
981 3020 1057 3105 quod
1076 3020 1202 3086 Persius

74 3130 151 3196 oque
172 3107 273 3194 Satyr.
294 3107 320 3172 Ι.
341 3106 404 3173 124
423 3106 548 3171 inducat:

442 3191 558 3267 Audaci
580 3190 742 3276 quicunque
763 3188 864 3255 afflata
886 3185 1011 3254 Cratino

121 3277 233 3342 Iratum
253 3275 428 3364 Eupolidem
450 3275 632 3376 praegrandi
653 3296 718 3338 cum
739 3295 811 3339 sene
831 3273 937 3364 palles,

122 3360 254 3450 Adspice
276 3369 305 3424 et
326 3360 413 3442 haec,
435 3382 462 3424 sr
481 3361 559 3424 forte
581 3359 691 3445 aliquid
712 3358 859 3423 decoctius
881 3357 982 3422 audes.

74 3447 187 3511 ;etiam
207 3447 240 3509 in
265 3447 419 3509 verborum
440 3445 544 3509 formis
565 3443 886 3530 significationibusque
906 3440 1051 3506 novandis
1072 3443 1201 3509 maxima

74 3538 174 3596 ›ertate
213 3552 285 3593 usus
321 3536 388 3592 est:
431 3530 473 3593 ita
513 3529 630 3595 videtur
660 3530 788 3609 βαδίζον
820 3527 954 3609 dixisse,
996 3525 1057 3591 vid.
1089 3525 1198 3609 Snidas

74 3617 125 3682 .I.
146 3637 176 3704 p.
196 3614 273 3680 419:
306 3611 417 3690 Βάδιζε
444 3615 495 3678 καὶ
522 3615 664 3696 βαδίζον,
698 3613 765 3677 tort
790 3618 847 3676 τοῦ
872 3610 987 3693 βάδιζε.
1029 3614 1200 3696 Κρατῖνοςε

74 3701 164 3765 edium
195 3701 272 3773 enim
298 3699 421 3763 verbum
448 3701 640 3778 βαδίζεοθαι,
675 3699 724 3784 qui
755 3705 874 3786 praeter
899 3696 1053 3764 Cratinum
1080 3697 1200 3780 dixerit,

74 3787 107 3851 ui
127 3784 288 3860 neminem,
323 3784 377 3848 sed
403 3784 495 3848 futuri
520 3784 617 3848 media
643 3790 756 3847 tantum
780 3783 877 3848 forma
896 3783 1068 3864 βαδιοῦμαι
1091 3782 1149 3847 fuit
1168 3783 1201 3847 in

73 3893 101 3935 u.
143 3869 185 3933 Et
200 3866 343 3943 {Aetolorur
369 3868 418 3953 qui
439 3875 508 3933 ante
529 3867 683 3933 Cratinum
705 3868 830 3949 dixerit,
850 3868 974 3955 ignoro,
994 3872 1098 3956 postea
1117 3866 1204 3932 multi

73 3955 140 4019 dem
174 3954 270 4018 forma
297 3955 344 4017 usi
376 3960 463 4035 sunt,
506 3953 566 4018 vid.
592 3951 737 4016 Anecdot
763 3951 866 4018 Bekk.
899 3952 941 4018 Τ.
961 3952 986 4017 l.
1011 3971 1041 4040 p.
1062 3949 1141 4033 alo,
1162 3954 1200 4017 1:

74 4036 176 4114 λώνιος
200 4034 391 4123 Φερεκράτης
412 4034 491 4102 εἶπεν
510 4036 578 4102 ἀντὶ
599 4042 655 4101 τοῦ
671 4033 850 4113 Ἀδώνιδος·
871 4036 948 4121 λέγει
969 4034 1003 4100 δὲ
1022 4034 1080 4118 τὴν
1099 4038 1201 4101 αἰτια-

74 4123 122 4207 ιὴν
142 4119 302 4189 Ἀδάνιον·
345 4119 429 4187 οδτω
457 4122 492 4187 δὲ
524 4124 575 4186 καλ
602 4117 739 4197 Πλάτων
767 4123 818 4186 καὶ
839 4123 1011 4208 Κρατῖνος,
1041 4119 1120 4183 ἀλλά
1147 4124 1199 4184 καὶ

74 4205 255 4295 ματοφάνης
276 4209 331 4271 καλ
360 4207 473 4294 ἕτεροι·
499 4207 620 4290 λέγουσι
646 4206 681 4271 δὲ
707 4209 758 4272 καλ
772 4205 901 4270 ’Άδωνιν
926 4204 1021 4271 aerbo
1041 4202 1200 4281 πολλάκις.

74 4295 153 4362 letur
173 4294 252 4360 enirn
274 4290 415 4358 Cratinus
437 4293 549 4383 primus
566 4299 687 4384 propter
707 4311 860 4361 numerum
880 4292 958 4398 hauc
977 4290 1200 4357 insolentiorem
1322 4372 1324 4376 y
