2768 4770
106 225 149 296 14
490 222 893 296 COMMENTATIONES

107 417 166 499 gns
191 417 252 462 non
298 417 334 463 er
357 399 492 486 integros
514 394 666 463 duodecim
688 416 783 462 annos
803 397 916 462 curavit
936 398 1067 464 rationes
1088 398 1279 465 administru-

106 483 196 548 tronis
216 415 351 570 pubbcae
370 503 425 546 suo
452 482 586 564 nomine,
629 482 684 548 sed
709 488 742 546 ut
768 480 839 547 mibi
868 482 984 568 quidem
1008 484 1126 548 videtur
1151 490 1280 571 quatuor

107 574 218 632 tantum
239 589 334 632 annos
356 569 393 632 ab
415 566 532 656 Olymp.
555 566 635 632 CIX.
657 571 687 633 3.
708 586 800 652 nsque
821 566 859 631 ad
880 567 997 657 Olymp.
1020 567 1085 634 CX.
1106 573 1142 635 3:
1167 570 1279 636 deiude

107 652 160 717 alii
180 651 460 737 administraverunt
477 652 534 716 hoc
555 673 680 733 munus,
711 652 754 715 ita
780 659 879 715 tamen
908 653 1114 741 utplurimum
1134 653 1166 719 L

108 736 222 802 valeret
247 738 421 802 auctoritas:
459 737 518 802 vid.
546 738 596 801 vit.
621 737 761 824 Lycurgi
792 735 868 824 apud
894 736 1099 802 Plutarchum:
1144 674 1191 804 rb
1220 765 1245 822 μ

108 828 230 904 πρῶτον
256 823 391 908 αἱρεθείς
420 818 528 898 αὐτός,
571 819 674 885 ἔπειτα
706 827 768 885 τῶν
800 825 897 906 φίλων
924 819 1172 908 ἐπιγραψάμενός
1206 848 1279 891 τινα

108 905 202 983 αὐτὸς
228 907 356 971 ἐποιεῖτο
381 905 439 988 τὴν
458 908 606 990 διοίκησιν
627 905 735 971 διὰτὸ
757 903 880 991 φθάσαι
901 903 995 987 νόμον
1015 906 1199 992 εἰσενεγκεῖν,
1231 908 1279 995 μῆ

109 993 202 1057 πλείω
222 992 308 1056 πέντε
337 994 413 1057 ἐτῶν
434 991 546 1056 διέπειν
565 990 619 1056 τὸν
636 993 891 1076 χειροτονηθέντα
913 993 961 1055 ἐπὶ
982 991 1022 1056 τὰ
1044 989 1179 1074 δημόσια
1196 990 1282 1079 xpel-

107 1101 204 1160 ματα.
247 1075 309 1142 Sed
334 1099 389 1164 per
413 1077 542 1226 religuos
569 1084 633 1141 octo
659 1097 753 1140 annos
775 1077 873 1140 multis
895 1077 963 1141 aliis
990 1078 1159 1142 muneribus
1179 1078 1281 1168 publi·

108 1164 152 1229 eis
172 1163 291 1227 lunchus
313 1168 377 1243 est,
409 1182 464 1246 quo
509 1161 618 1225 ibidem
644 1160 802 1226 memoriae
831 1168 877 1225 est
901 1162 1063 1267 proditum
1094 1163 1169 1227 baec
1196 1163 1280 1229 eninr

109 1248 248 1313 continuo
269 1248 498 1331 subsequuntur:
545 1245 606 1312 Ἀεί
628 1244 659 1310 τ’
688 1244 822 1332 ἐφεστὼς
849 1255 913 1322 τοῖς
938 1246 1037 1331 ἔργοις
1058 1247 1203 1312 διετέλεσε
1224 1248 1294 1313 καλ
1319 1268 1322 1275 ’

109 1333 224 1418 θέρους
244 1333 295 1396 καὶ
313 1336 476 1413 χειμῶνος,
508 1333 559 1394 καὶ
581 1332 629 1395 ἐπὶ
650 1328 708 1412 τὴν
726 1336 782 1394 τοῦ
803 1331 938 1411 πολέμου
959 1331 1153 1417 παρασκευὴν
1170 1352 1282 1416 χειροιε

108 1419 251 1500 τονηθείς
276 1415 376 1479 πολλὰ
404 1422 460 1499 τῆς
488 1411 603 1491 πόλεως
628 1412 833 1499 ἐπηνώρθωσε
853 1420 919 1480 κτλ.
944 1423 1004 1480 tum
1036 1417 1183 1481 adduntur
1207 1416 1280 1484 illu

111 1500 211 1567 πολλά
238 1501 271 1565 δὲ
295 1496 425 1587 ἡμίεργα
452 1499 643 1585 παραλαβὼν
671 1502 815 1576 ἐξετέλεσε
848 1505 913 1566 κτλ.
963 1499 1062 1567 Credo
1093 1503 1188 1590 igitur
1208 1502 1281 1591 Ly·

110 1608 234 1675 curgum
254 1586 324 1651 inde
346 1586 382 1650 ab
404 1585 521 1675 Olymp.
544 1584 608 1651 CX.
630 1587 661 1650 3.
683 1608 720 1650 ea
739 1607 861 1649 munera
887 1585 1161 1669 administravisse,
1201 1606 1282 1675 qnae

108 1672 277 1736 Aeschines
304 1678 522 1736 commemorat:
563 1671 648 1734 initio
679 1671 748 1734 anni
774 1670 915 1759 pecuniae
937 1678 1006 1734 sunt
1026 1671 1064 1735 ad
1084 1670 1194 1737 bellum
1217 1672 1282 1737 mle

108 1758 187 1822 latae
213 1757 282 1820 binc
307 1756 341 1819 in
367 1756 429 1819 vita
453 1754 592 1842 Lycurgi
618 1754 695 1843 opud
715 1754 795 1819 Plut.
816 1763 1056 1820 commemoratur
1077 1755 1192 1821 Callias
1232 1756 1283 1821 ui-

110 1842 193 1923 dam,
214 1841 263 1925 qui
283 1841 339 1904 hoc
359 1861 481 1906 munere
503 1862 538 1905 eo
559 1861 638 1904 anno
659 1840 776 1903 iunctus
798 1847 858 1903 est:
893 1837 983 1922 Ἔσχε
1005 1840 1039 1904 δὲ
1059 1849 1139 1925 τρεῖς
1159 1776 1281 1919 norbae

108 1927 346 2000 ίκΚαλλιστοῢς
366 1931 422 2006 τῆς
441 1922 596 2011 Ἅβρωνος
615 1924 672 2005 μέν
680 1921 845 2009 θυγατρός,
867 1925 1007 1989 Καλλίου
1029 1925 1138 1994 decoci
1152 1922 1282 2012 Ἅβρω-

109 2035 161 2085 νος
188 2013 335 2090 Βατῆθεν
362 2007 512 2096 ἀδελφῆς,
550 2014 606 2072 coo
631 2006 851 2089 ταμιεύσαντος
877 2015 1101 2094 στρατιωτικῶν
1121 2010 1170 2075 ἐπί
1192 2013 1282 2075 Χαι-

110 2092 228 2180 ρώνδου
264 2092 422 2176 ἄρχοντος.
465 2090 529 2175 (cf.
557 2092 659 2180 steph.
685 2091 761 2178 Byz.
782 2114 811 2158 v.
832 2091 944 2179 Βατή.)
987 2094 1048 2160 Sed
1070 2095 1173 2160 eodem
1195 2116 1281 2163 anno

110 2181 198 2246 etiam
218 2201 266 2244 nra
290 2181 409 2242 ‘stratus
430 2178 597 2258 restitutus,
625 2177 674 2262 qui
694 2177 843 2258 θεωρικὸν
864 2178 1045 2267 dispertirett
1072 2201 1174 2268 pugna
1196 2181 1281 2247 enim

109 2263 220 2329 illaad
242 2261 268 2328 C
290 2284 446 2327 aeroneam
467 2263 622 2326 commissa
643 2267 689 2326 est
711 2263 794 2326 initio
816 2264 880 2327 eius
902 2266 972 2328 anni
993 2265 1041 2329 die
1061 2265 1185 2354 septimo
1207 2264 1281 2331 Me-

110 2348 313 2437 tageitnionis,
331 2347 390 2412 vid.
402 2346 553 2411 Plutarch.
569 2346 685 2413 Camill.
707 2369 731 2411 c.
754 2349 810 2412 19:
832 2350 1022 2435 magistratus
1044 2357 1150 2431 autem,
1170 2348 1222 2435 qui
1236 2348 1280 2417 cd

110 2433 262 2518 θεωρικὸν
271 2433 442 2521 largiretur,
454 2431 564 2581 eligunt
576 2431 640 2496 dies
652 2439 719 2496 ante
729 2454 776 2496 ma
820 2455 838 2497 a
849 2433 999 2519 Dionysia
1010 2434 1187 2522 eligebatur,
1199 2456 1280 2521 quae

111 2519 335 2584 celebrabantur
362 2518 410 2582 die
435 2517 491 2582 duo
512 2519 603 2581 ecimo
632 2515 784 2606 Elaphebo
797 2518 883 2583 ionis.
931 2517 993 2583 Sed
1019 2540 1080 2584 non
1107 2518 1281 2609 Lycurgus

110 2604 223 2685 solum,
248 2603 459 2667 verumetiam
485 2601 701 2666 Demosthenes
728 2603 829 2667 eodem
855 2610 984 2692 tempore
1006 2611 1036 2667 et
1060 2601 1096 2667 cd
1122 2602 1280 2689 θεωρικὸν

110 2689 340 2790 dispertiendum
361 2695 391 2751 et
416 2707 516 2751 muros
542 2688 737 2751 exstruendos
763 2689 890 2769 curavit,
923 2688 980 2753 vid.
1007 2687 1167 2753 Aeschinis
1190 2708 1279 2755 acea*

111 2774 235 2839 sationis
261 2771 391 2837 libellum
423 2772 498 2837 aud
519 2771 674 2836 Demosth.
696 2771 732 2836 de
754 2793 862 2837 corona
882 2771 950 2856 54,
985 2775 1033 2859 qui
1054 2774 1170 2859 quidem
1192 2772 1278 2841 dele*

110 2867 157 2924 tus
179 2866 226 2922 est
245 2865 331 2923 sexto
352 2854 399 2922 die
420 2792 672 2945 lilaphebolionis,
692 2857 734 2920 ita
756 2871 788 2920 ut
807 2878 867 2920 non
889 2858 938 2922 diu
960 2859 1133 2946 magistratu
1154 2858 1277 2925 funcms

111 2943 335 3024 essevideatur,
357 2964 420 3006 cum
432 2943 483 3006 illa
495 2941 532 3006 lis
542 2942 744 3006 intenderetur
754 2942 964 3006 Demostheni:
997 2942 1062 3006 'End
1075 2944 1277 3026 Χαιρωνίδου

114 3027 131 3054 ,ί

110 3055 130 3092 α
149 3053 266 3111 χοντος,
282 3027 783 3112 ίλαφηβολιῶνοςέλιτῃἱσταμένου,
798 3024 1275 3111 ΑῗσχίνηςἈτρομήτουΚοθομ

110 3053 197 3197 elim
217 3108 361 3196 ἀπήνεγκε
383 3112 460 3196 πρὸς
479 3136 497 3175 τ
516 3138 532 3175 ν
553 3110 685 3195 ἄρχοντα
707 3108 895 3194 παρανόμων
909 3112 1032 3196 γραφὴν
1052 3111 1131 3176 κατὰ
1152 3114 1278 3195 Kreas·

136 3205 230 3274 ῶντος
241 3202 304 3262 κτλ.
327 3203 357 3261 et
367 3197 474 3262 deinde
485 3196 702 3261 Demosthenes
719 3197 827 3261 rationi
847 3197 1015 3261 reddendae
1036 3197 1183 3261 obnoxius
1205 3204 1278 3265 esse*

109 3224 215 3350 licitur
240 3281 304 3348 ’lert
334 3282 367 3346 ei
388 3281 596 3364 Δημοσθένης
615 3280 783 3363 τειχοποιὸς
802 3284 853 3345 καὶ
881 3284 928 3345 ίπὶ
949 3287 993 3369 τῷ
1020 3286 1160 3369 θεωρικῷ
1189 3290 1279 3347 snei

108 3367 226 3454 γμίνος.
271 3366 415 3466 Collegae
435 3368 528 3456 igitur
547 3366 684 3431 videntur
692 3366 910 3431 Demosthenes
932 3374 962 3430 et
982 3366 1146 3455 Lycurgus
1166 3367 1276 3449 luisse,

61 3476 63 3481 ·
109 3453 186 3518 alter
206 3474 246 3518 ex
271 3452 472 3535 Pandronide,
515 3451 590 3516 alter
611 3472 650 3515 ex
672 3450 803 3515 Oeneide
824 3452 901 3515 tribu
933 3451 1077 3532 delectur,
1121 3451 1298 3539 eidemque·

109 3539 169 3603 alia
194 3543 313 3626 praeter
337 3537 408 3603 illud
436 3557 541 3602 munus
568 3536 854 3635 administraverunt.
894 3535 1071 3636 Lycurgum
1097 3542 1195 3635 autem
1224 3554 1279 3601 eu·

108 3644 173 3687 rem
199 3627 255 3687 τοῦ
284 3627 437 3722 θεωρικοῦ
466 3622 599 3710 gessisse
630 3628 717 3684 eham
750 3642 789 3683 ex
815 3620 863 3684 bus
890 3622 962 3684 mrbr
988 3620 1092 3684 vuleor
1119 3620 1230 3709 colhge

109 3728 183 3793 quae
204 3707 344 3794 leguntur
369 3729 402 3772 m
426 3708 488 3771 uita
507 3706 647 3794 Lycurgi
668 3706 704 3770 de
726 3705 911 3769 damnatione
932 3706 1062 3795 Diphili:
1100 3702 1263 3786 Ἔκρινείλ
1322 3726 1325 3733 ’

110 3794 161 3856 καί
182 3794 317 3878 Δίφιλον
339 3793 372 3856 ἐκ
392 3797 454 3856 τῶν
474 3791 627 3876 ἀργυρέων
646 3786 802 3871 μετάλλων
828 3791 901 3865 τούς
920 3799 1119 3874 μεσοκρινεῖς,
1152 3790 1182 3854 οἳ
1213 3786 1278 3871 dcl·

108 3878 220 3956 οταζον
239 3875 278 3941 τά
298 3872 494 3961 ὑπερκείμενα
508 3874 601 3960 βάρη,
622 3871 774 3960 ὑφελόντα
796 3879 846 3938 καί
867 3877 899 3950 ἐξ
920 3874 1022 3940 αὐτῶν
1042 3871 1278 3958 πεπλουτηκότα

108 3961 195 4049 παρὰ
214 3967 288 4037 τοῦς
307 3960 430 4043 νόμους.
473 3964 524 4024 καλ
548 3956 688 4024 θανάτοιν
716 3958 802 4034 ὄντος
824 3962 983 4041 ἐπιτιμίου,
1010 3956 1124 4024 ἁλῶναι
1151 3960 1279 4043 ἐποίησε

108 4049 160 4112 καί
186 4043 371 4129 πεντήκοντα
397 4044 539 4134 δραχμάς
565 4047 598 4110 ἐκ
623 4051 678 4128 τῆς
704 4044 810 4120 οὐσίας
832 4043 928 4108 αὐτοῦ
951 4042 1069 4131 ἑκάστῳ
1097 4049 1159 4109 τῶν
1186 4048 1280 4109 πολι·
1320 4116 1325 4137 ί

108 4137 170 4197 τῶν
190 4131 329 4212 διένειμε,
351 4138 413 4198 τῶν
433 4130 555 4196 πάντων
575 4131 789 4213 συναχθέντων
809 4127 966 4194 ταλάντων
987 4128 1096 4195 ἑκατὸν
1116 4126 1280 4213 {Etiamne

108 4215 171 4284 Sed
191 4237 252 4281 non
271 4217 313 4281 ita
333 4218 423 4285 multo
443 4212 562 4306 postll
621 4216 716 4281 monis
742 4215 812 4303 lege
832 4215 949 4280 videtur
975 4221 1089 4280 cautum
1117 4234 1203 4298 osse,
1235 4234 1279 4281 no

108 4303 160 4400 oui
183 4300 219 4368 τὸ
240 4303 391 4390 θεωρικὸν
411 4237 640 4394 άίοροτίὶεοᾝω
660 4302 854 4391 suscepisset,
887 4300 977 4367 alium
995 4307 1150 4390 pmeteroa
1177 4299 1278 4388 mogi·¹
