2760 4792
263 267 264 270 ’
297 178 1029 332 nunduu.comouo.nu'f.n1uuld.
1199 259 1243 323 61

69 447 118 498 νες
138 421 270 485 καπνίαν
289 422 449 504 λέγεσθαι·
470 421 504 485 ἐν
524 420 558 486 dd
576 429 642 497 τοῖς
663 424 731 505 περὶ
752 424 911 509 Κρατίνου
932 419 1106 509 διώρισται,
1137 421 1184 490 ὅτι
1205 425 1240 492 τὸ

68 504 225 572 ἀπόθετον
245 503 265 588 ἢ
286 508 336 569 καί
358 502 508 570 παλαιόν·
542 504 591 570 dcci
618 509 668 571 καί
685 506 892 593 Ἐκφαντίδην
916 511 1061 573 Καπνίαν
1086 513 1241 576 καλοῦσιν.

68 591 121 656 Ex
145 613 181 655 eo
227 590 285 656 uod
310 599 412 655 auctor
431 591 519 656 huius
541 591 647 656 scholii
668 591 739 657 dicit
759 615 792 657 se
813 593 846 657 iu
867 594 1083 659 commentariis
1105 594 1143 660 ad
1165 593 1241 662 Cra·

67 677 126 740 tini
144 612 262 741 fabuias
283 675 459 773 explicatum
479 675 594 775 legisse
613 676 663 741 vei
684 677 880 766 explicavisse
901 699 935 742 se
961 678 1073 766 ipsum,
1106 681 1175 767 quid
1201 682 1241 746 sit

67 762 216 837 καπνίας,
237 759 326 825 facile
347 760 487 825 comicias
508 782 603 851 1psum
614 761 754 826 comicum
769 763 825 825 hoc
845 763 937 826 verbo
958 785 1042 828 usum
1064 785 1143 846 esse,
1164 765 1241 831 dixit

65 853 166 911 ,autem
187 845 292 934 opinor
311 843 525 934 Eophantidem
548 846 711 909 Καπνίανι
742 867 837 931 neque
865 846 944 910 enim
965 847 1081 929 dubito,
1111 850 1181 934 quin
1202 873 1240 916 ea

62 931 148 1080 psa,
157 950 252 1080 ιἱρααα
273 928 350 1081 apud
370 928 560 1028 scholiastam
581 937 758 1015 sequnntur,
789 930 827 1037 ρο
848 928 1003 996 Cratinum
1018 933 1090 1038 ‘sint
1104 935 1239 1002 referem.

87 1037 115 1080 a.
190 1014 339 1079 {icadas
359 1013 562 1101 Hesychuum:
592 1017 751 1090 Καπνίας·
801 1016 995 1099 Εκφαντίδης
1015 1041 1033 1080 ο
1052 1040 1107 1101 της
1127 1043 1239 1107 suppr-

65 1102 136 1175 δίας
164 1097 291 1181 ποιητὴς
318 1099 462 1174 Καπνίας
485 1100 623 1163 ’ἐκαλεῖτο
650 1098 703 1163 διὰ
729 1098 764 1165 τὸ
794 1100 894 1181 μηδὲν
924 1099 1068 1185 λαμπρὸν
1085 1099 1237 1255 ''ppcipcrm

1118 1235 1127 1253 ·
1179 1210 1238 1278 ‘P‘

66 1183 180 1249 Eadem
206 1183 260 1248 sed
281 1183 419 1248 breviora
438 1182 564 1248 Photius
585 1205 613 1273 p.
642 1186 716 1266 130,
735 1183 788 1250 25.
830 1183 919 1251 Adde
941 1183 1064 1253 Suidam

64 1268 147 1351 241„
186 1265 277 1344 Οίνος
297 1269 426 1343 καπνίας
447 1268 613 1334 iuitvinum
634 1268 715 1334 fumo
736 1268 872 1334 duratum
892 1277 923 1335 et
942 1271 980 1334 ob
1001 1270 1032 1336 id
1053 1271 1149 1360 ipsum
1170 1295 1238 1341 sua·

64 1354 217 1418 vissimum
238 1374 273 1418 ac
292 1353 491 1436 lenissimum,
525 1361 555 1418 et
574 1353 631 1418 hoc
653 1353 773 1419 nomine
792 1353 894 1419 laudat
914 1352 1166 1441 Anaxandrides,
1187 1357 1238 1425 uti

64 1437 221 1528 Iphicratis
247 1438 364 1529 nuptias
385 1437 540 1520 describit,
569 1437 648 1527 apud
666 1437 778 1504 Athen.
799 1438 853 1508 lv.
875 1461 903 1529 p.
926 1441 999 1507 131.
1019 1439 1063 1504 F:

150 1518 284 1599 Πακιίς,
308 1519 486 1606 αὐθιγενής,
507 1518 584 1604 ἡδὺς
604 1524 745 1600 καπνίας.
1042 1536 1046 1543 “

65 1606 109 1673 iit
128 1608 205 1696 apud
224 1606 434 1672 Pherecratem
454 1608 487 1671 iu
507 1607 629 1691 Persis,
661 1609 712 1673 nbi
740 1609 800 1672 vita
820 1608 912 1696 longe
932 1608 1104 1676 beatissima
1125 1610 1237 1677 descri-

63 1692 158 1772 bitur,
183 1691 315 1781 luppiter
335 1712 370 1756 eo
391 1693 463 1754 vino
476 1691 571 1798 pluite

143 1773 183 1840 ‘0
203 1776 282 1851 Ζεὺς
303 1775 335 1838 δ’
357 1772 422 1837 ὕων
449 1773 521 1857 οίνιρ
543 1775 656 1859 καπνίᾳ
676 1773 756 1836 κατὰ
775 1778 831 1836 τοῦ
853 1769 987 1854 κεράμου
1007 1773 1197 1855 βαλανεύσει.

61 1859 110 1927 Ac
129 1859 274 1928 Cratinus
295 1880 360 1922 cum
380 1855 594 1945 Ecphantidem
614 1856 671 1921 hoc
691 1857 811 1920 nomine
837 1865 956 1927 notaret
1004 1879 1066 1925 non
1084 1861 1237 1930 lenitatem

59 1945 306 2028 dulcedinemque
333 1941 413 2023 vini,
451 1940 505 2005 sed
525 1947 699 2005 vetustatem
725 1940 874 2005 intellexit
900 1947 931 2005 et
955 1906 1169 2032 iicphantidcm
1195 1949 1237 2015 ita

61 2028 243 2133 appellarit,
266 2026 343 2114 quod
351 2027 463 2177 prisco
482 2031 512 2090 et
532 2024 665 2090 obsoleto
685 2046 768 2091 more
789 2025 955 2124 comoedias
976 2027 1121 2095 scriberet
1142 2039 1173 2096 et
1191 2032 1243 2099 lu·-

59 2109 1237 2292 tutatust„addidisti'nvffdduttutddtttt

59 2291 118 2349 tes.
162 2281 324 2349 Comoedia
350 2281 429 2347 enim
457 2278 558 2345 Attica
584 2302 649 2345 cum
670 2286 735 2345 orta
756 2288 838 2345 esset
857 2287 887 2346 ct
906 2287 1011 2370 postea
1031 2304 1144 2371 quoque
1165 2308 1236 2354 con.

59 2369 161 2434 iuncta
180 2367 298 2432 mnculo
320 2365 484 2432 arctissimo
506 2386 571 2431 oum
592 2363 880 2447 sacrisssecchicis,
906 2365 1006 2432 ndens
1025 2389 1150 2456 prorsus
1171 2380 1236 2439 erat

62 2452 247 2541 odignitate
274 2459 305 2518 et
369 2451 492 2516 evitate:
530 2450 606 2536 qnod
632 2470 726 2538 aegre
746 2449 849 2514 ferens
869 2453 1091 2538 magnanimum
1117 2453 1235 2523 Cratini

59 2538 216 2626 ingenium
237 2557 337 2602 comoe
350 2537 416 2616 ,fam
444 2535 531 2603 nous
551 2534 744 2601 incrementis
763 2534 935 2634 conquisitis
956 2535 994 2601 ad
1015 2538 1089 2602 artis
1108 2539 1235 2608 formam

59 2642 203 2688 rovocare
230 2621 357 2704 studuit,
389 2626 476 2706 atque
500 2620 534 2685 in
559 2640 703 2684 summum
728 2619 883 2707 fastigium
908 2619 1023 2686 exuriit
1066 2621 1128 2689 Sed
1147 2631 1235 2713 poeta

59 2729 127 2773 cum
159 2713 191 2772 et
215 2705 311 2771 studio
339 2726 451 2773 summo
478 2710 510 2770 ct
533 2703 641 2771 iudicio
662 2704 807 2769 acerrimo
828 2725 931 2770 omnes
952 2726 1003 2771 res
1023 2705 1169 2774 humanas
1189 2709 1234 2776 di·

57 2791 484 2944 pinasqnecopprehenderet,
506 2789 661 2882 contemsit
671 2789 819 2876 antiquam
839 2790 927 2856 istam
947 2792 1137 2877 comoediam,
1158 2815 1234 2881 quac

79 2898 142 2943 nmr
161 2897 196 2941 se
232 2898 309 2942 ea.
346 2932 347 2937 ,

81 2989 84 2994 ’
145 2897 245 3028 Uniin
271 2966 426 3051 praeterea
452 2959 490 3024 de
516 2957 669 3046 Fugitiuis
701 2958 873 3023 mulieribus
901 2961 1075 3050 adiungam:
1113 2982 1233 3031 versum

58 3047 160 3129 iilum,
198 3067 267 3111 uem
286 3044 464 3135 Apollonius
485 3043 637 3130 Dyscolus
659 3043 696 3109 de
716 3064 849 3133 pronom.
870 3066 899 3134 p.
920 3047 985 3114 285
1005 3045 1044 3111 B.
1072 3048 1203 3136 profert:

58 3125 871 3283 mosciidiiiid³siiiiwi⁰²⁸⁹ssm⁷³
1184 3194 1187 3201 ’

147 3291 249 3377 Οὗτος
269 3238 447 3383 usiadem,-
479 3296 547 3363 oda
567 3293 777 3379 ἀναστήσει
797 3292 956 3380 Βότωνς

57 3384 158 3487 Baton
171 3407 280 3452 nomen
291 3392 338 3451 est
351 3385 410 3450 viri
431 3382 508 3483 apud
519 3382 651 3449 Graecos
658 3381 786 3483 ⁸minime
795 3382 976 3449 inusitatum.
1002 3382 1143 3451 Ceterum
1155 3406 1232 3453 mm·

56 3469 466 3638 instaurati?
480 3465 907 3638 atratino?
