2760 4792
323 242 385 310 un
404 239 759 318 numocououo.
778 241 887 313 sur.-
907 200 1052 321 surio
1226 243 1269 313 er

100 413 199 523 γονάς
218 412 267 489 ,εἰς
287 406 560 521 Θουρίουςνῷχὲτο
581 408 682 517 πράων
701 407 760 476 σάν
785 405 932 518 άάελφοῖξ
955 410 1057 520 pisauri,t
1080 406 1272 496 κοινωνήσων

100 493 1274 679 tt.“⁷÷22tt³.e..tt{titttttttttthtttalth‘itit

102 670 195 750 ritur,
216 686 273 753 quo
293 673 424 755 tempore
444 670 576 732 mortuus
597 671 638 729 sut
659 663 820 767 Cephalus.
860 664 1056 754 IpseLysias
1074 665 1146 732 dicit
1159 674 1273 755 patrem

104 776 124 821 a
148 751 285 834 Pericle,
316 772 444 817 uocum
468 749 678 840 hospitalitatis
705 770 771 815 rure
802 750 973 815 coniunctus
988 755 1081 834 erat,
1117 750 1274 818 invitatum

103 771 428 925 Athenasprolectum
449 856 518 900 esse
537 834 636 920 ibique
657 835 697 899 tui
720 836 784 899 inta
804 855 900 899 annos
913 835 1106 918 habitavisse,
1126 836 1275 903 videret.

105 923 173 990 adv.
200 919 392 987 Eratosthen.
412 917 444 985 4.
464 942 495 1010 p.
525 917 589 984 243
617 919 665 985 ed.
690 856 809 985 Cekka
867 915 973 1001 θυμὸς
998 919 1081 1003 neap
1126 919 1277 1008 Κέφαλος

106 1007 236 1115 ἓπεάσθρ
256 1005 313 1088 μὲν
332 1003 393 1070 ὑπὸ
414 1001 604 1093 Περικλέους
624 1005 666 1081 εἷς
685 1000 803 1087 ταύτην
827 1004 884 1088 τὴν
911 1008 968 1088 γῆν
995 945 1182 1091 dependitur,
1221 1003 1275 1090 ἴτη

106 1094 141 1159 δὲ
159 1087 456 1183 τριακονταιῷκησε.
498 1087 598 1154 Etiam
624 1088 804 1154 Plutarchus
834 1090 868 1155 in
894 1089 957 1154 vita
981 1088 1100 1177 Lysiae
1125 1089 1198 1156 dicit
1216 1089 1277 1158 Co·

106 1177 226 1268 phalum
251 1176 335 1241 urhis
360 1173 503 1240 visendae
532 1173 689 1263 eupiditate
715 1196 749 1238 ca
769 1179 830 1240 tum
851 1178 882 1239 et
899 1173 1029 1240 Periclis
1051 1174 1179 1247 amicitia
1198 1196 1277 1241 eom·

106 1269 217 1349 motum
236 1259 374 1327 Athenas
394 1282 429 1326 eo
488 1259 496 1275 ⁰
522 1275 623 1324 rasse:
664 1195 793 1336 Λυσάάς
810 1257 878 1336 υἷάς
897 1251 936 1343 ἦν
955 1255 1106 1346 Κεφάλου
1126 1264 1184 1327 τοῦ
1201 1261 1278 1326 Λυ-

90 1347 216 1413 ’σανίου
229 1350 293 1411 cosi
309 1340 475 1432 Κεφάλου,
524 1343 712 1430 υρακουσίου
732 1343 789 1426 μὲν
807 1343 893 1429 γένος
912 1341 1159 1426 μεταναστάντος
1178 1342 1212 1411 δ’
1234 1346 1279 1423 εἰς

100 1428 240 1515 Ἀθήνας
265 1430 416 1512 ἐπιθυμία
440 1452 473 1494 τε
499 1433 557 1513 τῆς
581 1424 698 1507 πόλεως
722 1431 774 1494 καὶ
794 1431 844 1495 Πε
865 1427 982 1507 ικλέους
1009 1435 1066 1496 τοῦ
1087 1425 1278 1515 Ξανθίππου

107 1517 269 1594 πείσαντος
300 1495 409 1581 edcdr‘
422 1515 514 1600 φίλον
534 1509 608 1578 ὅντα
629 1516 681 1579 καὶ
702 1514 797 1590 ξένον.
837 1455 923 1582 lllem
943 1513 1027 1582 addit
1046 1515 1226 1606 Cephalum,
1245 1522 1280 1582 ut

108 1602 247 1668 nonnulli
270 1600 449 1667 tradiderint
473 1601 649 1682 memoriae,
689 1597 851 1686 Syracusis
879 1600 1035 1688 expulsum
1065 1622 1135 1671 esse
1163 1601 1279 1668 Colone

108 1688 244 1753 maore:
280 1682 338 1762 Ὡς
359 1683 396 1748 δέ
414 1705 506 1759 τινες,
529 1680 694 1747 ἐκπεσόντα
713 1688 777 1745 τῶν
797 1686 1020 1768 Συρακουσῶν,
1041 1679 1130 1766 ἡνίκα
1145 1681 1206 1750 ὑπὸ
1219 1685 1281 1751 Γέ-

109 1776 206 1848 λωνος
227 1771 459 1854 ἐτυραννοῦντο.
507 1763 571 1830 Sed
595 1765 654 1828 hoc
681 1764 799 1850 quidem
819 1788 860 1831 an
880 1772 960 1830 recte
981 1767 1022 1832 sit
1042 1769 1195 1851 traditum,
1228 1768 1282 1837 ad·

108 1856 229 1922 modum
252 1854 382 1940 ambigo.
431 1846 599 1914 Geloenim
609 1846 826 1935 Syracusarum
844 1850 968 1939 imperio
998 1852 1087 1917 stitus
1107 1862 1154 1919 est
1163 1854 1281 1942 Olymp.

108 1937 260 2008 LXXIII.
288 1936 311 2003 4
336 1934 486 2020 tenuitque
510 1937 638 2021 regumn
658 1953 752 2018 usque
779 1933 817 1999 ad
837 1932 876 1999 01
926 1956 955 2023 p.
975 1871 1105 2004 [XXV.
1125 1941 1163 2018 33
1183 1937 1282 2023 itaque

108 2026 139 2090 si
150 2023 201 2088 vel
212 2028 344 2087 extremo
356 2018 479 2086 Gelonis
494 2022 626 2106 tempore
640 2017 795 2083 statuimus
806 2015 870 2108 Cep
892 2019 970 2085 alum
981 2022 1014 2086 in
1026 2019 1148 2087 exilium
1159 2022 1283 2088 eiectum

109 2130 192 2190 esse,
202 2128 326 2173 necesse
333 2104 436 2170 estille
445 2102 616 2193 pervenerit
624 2101 886 2192 Athenaslllymp.
894 2102 1072 2176 Lxxvas
1093 2106 1282 2194 itaqnemors

110 2195 178 2259 eius
199 2191 337 2257 inciderit
356 2188 518 2277 inIymp.
532 2185 706 2254 LXXXIII.
729 2187 767 2270 i,
788 2187 1021 2288 quandoquidem
1041 2191 1167 2282 triginta
1187 2210 1283 2258 anuos

87 2354 88 2359 ἵ
111 2278 175 2344 illic
196 2280 403 2342 commoratum
429 2294 497 2339 esse
523 2272 618 2364 ipsius
638 2272 757 2360 Lysiae
776 2274 945 2340 testimomo
965 2281 1090 2344 constet
1131 2276 1190 2344 sin
1210 2297 1283 2345 vero

112 2361 241 2429 medium
262 2359 406 2447 quoddam
426 2363 486 2424 tem
506 2378 541 2423 us
562 2379 596 2424 se
615 2357 727 2440 uimur,
749 2359 826 2445 quod
866 2380 946 2425 erse
966 2359 1058 2426 multo
1080 2367 1128 2428 est
1146 2363 1284 2452 prohabi-

112 2446 188 2546 lius,
221 2446 432 2544 statuimusque
458 2379 576 2593 olymp.
597 2378 747 2511 lxxlv.
774 2439 797 2507 4
828 2379 1001 2545 Cdphalum.
1017 2443 1187 2533 Syracusas
1212 2446 1284 2512 reli·

114 2551 234 2681 the
255 2527 614 2701 ittuttttd..
627 2525 1287 2702 t.t.l'.¹¹th..²·..httl.tttt.⁰.t

112 2637 245 2802 lysiam
266 2707 297 2766 et
307 2698 533 2799 Polemarchum
555 2698 654 2799 statim
674 2703 758 2787 patre
775 2696 1036 2798 mortuo'lhurios
1057 2701 1284 2802 commigrasse:
1359 2725 1360 2729 ¹

114 2793 355 3023 querps
371 2781 1212 2969 iharmatuhoruntinus
1228 2791 1287 2938 “t

114 2951 1059 3126 ricllesclmrlemotoA'Pllddyldidlllqlleelddrldglyldlrlenffiavrln
1066 2957 1228 3122 1nlitlelllldt,
1250 2978 1288 3106 de

116 3146 176 3214 qua
196 3142 231 3190 re
252 3146 287 3190 su
307 3146 343 3189 ra
363 3124 471 3189 dictum
492 3130 552 3206 est,
584 3122 661 3210 quod
686 3123 795 3187 factum
824 3144 903 3187 anuo
928 3061 981 3188 illio
1002 3124 1099 3190 medio
1119 3125 1170 3189 vel
1210 3124 1287 3190 otius

117 3215 266 3291 exeunte,
287 3146 437 3298 Cephalus
460 3213 512 3273 aut
531 3229 567 3273 eo
588 3228 667 3272 anno
687 3208 828 3288 ineunte,
850 3215 901 3272 aut
920 3207 1039 3298 Olymp.
1234 3257 1244 3292 ,
1265 3205 1288 3276 4

118 3301 255 3392 entremp
276 3299 490 3392 mortuusuest,
511 3299 544 3357 ut
564 3293 603 3359 01
653 3314 682 3380 p.
701 3290 847 3359 LXXVI.
868 3295 890 3359 2
909 3292 960 3357 vel
979 3289 1289 3392 dhthenasocommi·

118 3375 597 3543 authentum:
613 3375 845 3562 ,inach
865 3375 1289 3562 castrametata

120 3549 287 3615 confectum
317 3549 477 3633 mortisque
501 3546 690 3613 meditahone
718 3551 887 3633 occupatum
904 3546 993 3611 nobis
1015 3547 1145 3627 exhibet.
1186 3547 1290 3635 ltaque

120 3635 261 3700 existimo
282 3631 437 3699 Bendidea
456 3631 581 3722 primum
602 3630 752 3698 celebrata
761 3651 830 3695 esse
840 3629 959 3720 Olymp.
969 3631 1145 3698 LXXXIII.
1166 3631 1189 3699 4
1210 3651 1290 3697 auno
1335 3647 1336 3650 ’

120 3727 273 3800 extremo,
304 3716 513 3806 Thargelione
541 3715 620 3781 enim
647 3733 750 3782 mense
770 3715 829 3780 ista
849 3715 940 3780 fiebat
959 3716 1132 3800 solennitas.
1174 3716 1290 3782 Eodem

120 3803 217 3892 igitur
238 3823 316 3868 anno
336 3800 424 3901 Plato
445 3800 519 3866 illud
545 3799 583 3866 de
613 3801 723 3891 optima
747 3800 874 3899 civiwtis
894 3800 991 3867 forma
1012 3801 1187 3903 colloquium
1206 3801 1291 3866 hahi-

122 3887 406 4054 “statutt
427 3885 1292 4071 ttttttattt.th⁰3¹h.¹¹t¹¹tf¹tl‹lt¹h,tt

122 3994 229 4127 Pcvl
248 4056 361 4139 media,
392 4074 449 4142 quo
470 4061 601 4144 tempore
620 4054 777 4120 Platonem
802 4053 894 4120 libros
922 4054 959 4120 de
989 4056 1140 4145 republica
1160 4055 1292 4120 edidisse

123 4141 241 4207 idoneis
264 4139 446 4242 comprobari
457 4146 554 4229 potest
564 4141 763 4228 argumentist
784 4137 1030 4230 locupledssimus
1051 4147 1153 4206 auctor
1172 4132 1291 4205 Aristo-

124 4226 262 4327 phanes,
293 4245 343 4312 qur
368 4227 402 4292 iu
426 4219 643 4291 Ecclesiauusis
663 4217 758 4314 ipsam
784 4224 862 4290 hanc
883 4225 1063 4307 doctrinam,
1096 4239 1182 4310 quam
1202 4222 1291 4287 Plato

125 4331 159 4377 sn
178 4310 240 4380 illis
260 4303 346 4393 libris
366 4310 534 4402 proposuit,
567 4309 642 4379 scite
671 4304 807 4398 exagitat
835 4302 988 4400 ipsumque
1014 4309 1103 4377 etiam
1121 4306 1292 4388 Platonem,
