2760 4792
118 240 183 311 114
490 228 903 313 conmfflh'fs'rlouus

117 417 216 475 mmeu
236 407 286 473 vel
305 406 444 473 Socrates
464 403 614 469 contendit
633 402 708 492 apud
729 348 885 467 lhatonem
911 401 944 466 in
964 400 1138 491 Symposio,
1169 401 1280 469 docens

117 502 267 593 utramque
287 499 379 557 artem
405 490 502 577 specie
524 490 639 575 quidem
664 487 803 570 differre,
831 508 938 576 reapse
963 487 1136 553 immutabili
1154 488 1281 573 quedem

115 583 292 643 necessuate
317 575 500 643 coniunctam
525 595 609 654 esse,
639 573 682 637 ita
709 572 813 657 utqui
838 572 934 636 honus
959 572 1000 636 sit
1024 574 1172 659 tragicus,
1199 570 1281 637 idem

116 665 203 728 etiam
230 661 325 749 possit
351 658 516 723 comoedias
543 658 688 723 scrihere:
715 657 785 721 dicit
810 659 888 720 enhn
914 678 944 767 p.
963 658 1028 722 223
1048 657 1094 721 D:
1138 654 1185 721 To
1204 654 1281 737 μίν-

115 772 162 811 τοι
183 742 349 830 κεφάλαιον
374 742 435 827 ἔφη
456 739 713 826 προσαναγκάζειν
738 740 791 805 τὸν
811 744 961 823 Σωκρατη
984 739 1139 825 ὁμολογεῖν
1165 737 1280 817 αὐτοὺς

116 830 359 917 (Aristophanem
388 833 417 891 et
438 825 641 914 Agathouem)
667 831 723 889 τοῦ
751 823 847 889 αὐτοῦ
873 824 986 909 ἀνδρὸς
1011 822 1084 889 εἶναι
1113 824 1280 912 κωμῳδίαν

115 918 165 980 καί
191 915 366 999 τραγῳδίαν
396 913 581 977 ἐπίστασθαι
608 920 721 984 ποιεῖν,
764 912 813 973 καί
845 908 899 974 τὸν
930 910 981 991 τίχ
1049 906 1280 995 τραγῳδοποιόκ

116 998 189 1064 ὄντα
214 1002 264 1062 καὶ
293 995 512 1082 κωμῳδοποιὸν
533 992 616 1059 εἶναι.
659 994 731 1058 Fuit
759 1002 855 1058 autem
880 994 976 1061 hicC
1007 994 1062 1059 lias
1089 991 1281 1059 adversarius

117 1084 249 1164 Cratini,
275 1083 306 1146 id
327 1081 403 1166 quod
424 1081 535 1144 indicat
556 1078 723 1145 Scholiasta
743 1078 936 1166 Aristophan.
957 1079 1032 1165 qu.
1054 1101 1082 1143 v.
1102 1078 1182 1145 526:

194 1163 318 1253 Ἐφόρει
338 1165 394 1241 τὰς
419 1167 494 1249 δρῦς
518 1165 569 1227 καλ
589 1163 645 1239 τὰς
669 1160 842 1238 πλατάνους
867 1167 919 1227 καλ
944 1163 1017 1239 τοὺς
1043 1160 1175 1247 ἐχθροιλς
1202 1184 1282 1247 προ·

796 1245 874 1311 aeto
899 1272 979 1323 κους.
1156 1314 1159 1319 .

115 1336 165 1400 uhi
186 1334 258 1397 haec
279 1332 453 1420 adscripsit:
479 1330 657 1412 Κατίβαλλε
678 1330 750 1408 τοὺς
775 1275 1068 1416 άνταγλλνιζομίνονς
1088 1328 1165 1415 πρὸς
1184 1324 1287 1393 odedi

114 1417 255 1500 ὣψηλοίς
275 1415 380 1515 ὄντας·
402 1414 474 1492 τούς
495 1416 628 1499 ἐχθροὺς
649 1417 683 1480 δὲ
702 1416 774 1491 τοὺς
793 1420 860 1501 περί
881 1417 934 1526 τὸγ
946 1418 1086 1515 Καλλίαν
1106 1416 1300 1479 suffoderetur.¹

114 1523 438 1673 diddqhadihtoiulllduhhs
447 1502 648 1649 riiiiushdicit
664 1501 864 1674 qqppppppslqs
878 1502 1164 1670 qriihiidmacldhihsm
1183 1498 1285 1669 1ληοιἮ

112 1672 222 1737 bellum
251 1670 397 1734 indixisse
431 1670 585 1734 videbatur
613 1669 752 1735 Cratinus
760 1672 784 1751 ,l
811 1670 958 1735 commode
990 1675 1089 1732 tamen
1118 1668 1295 1755 memorius¹

132 1755 250 1836 redidit,
270 1753 395 1820 Calliam
408 1754 502 1818 luisse
524 1776 613 1819 unum
626 1775 664 1817 ex
681 1754 802 1819 aemulis
816 1755 902 1819 huius
923 1760 1040 1842 poetae:
1063 1760 1092 1816 ot
1104 1752 1281 1817 confirmant

110 1778 278 1991 hauc
292 1838 633 1988 casu''rhhla
651 1838 841 1987 deificas
857 1838 1017 1988 citarit
1039 1834 1280 1987 hearers

110 2010 199 2076 unius
218 1945 406 2091 eiusdquu'e
427 1945 593 2071 comoidiaa
622 2007 760 2093 parabasi
780 2007 917 2072 videntur
937 1942 1125 2096 petiliqesseq:

195 2090 268 2156 Edi'e
287 2089 457 2171 κισσόχαιτ’
481 2088 572 2166 ἅναξ,
592 2089 694 2171 χαῖρ’,
715 2087 827 2174 ἔφασκ’
847 2090 1061 2177 Ἐκφαντίδης.

194 2173 307 2239 Πάντα
329 2174 451 2255 φορητὰ
472 2170 571 2236 πάντα
592 2173 731 2254 τολμηταὶ
750 2176 828 2258 τῷδε
849 2180 893 2262 τῷ
911 2180 1008 2260 χορῷ.

194 2258 286 2339 Πλὴν
306 2256 415 2327 Ξενίου
437 2255 556 2337 νόμοισι
577 2259 627 2320 καλ
649 2259 844 2337 Σχοινίωνος,
874 2253 899 2323 ὦ
919 2257 1047 2344 Χάρων.

111 2343 309 2429 Conqueritur
330 2341 408 2406 enim
430 2341 570 2408 Cratinus
591 2340 628 2406 de
650 2343 722 2407 artis
744 2342 870 2408 comicae
892 2343 1111 2433 depravatione,
1132 2348 1163 2407 et
1180 2344 1279 2433 primo

110 2429 226 2515 quidem
246 2448 335 2493 versu
362 2427 460 2515 tangit
479 2426 709 2514 llcphautidem,
737 2449 858 2513 quocum
883 2429 1000 2494 iuvenis
1027 2428 1196 2493 inimicitias
1222 2448 1279 2493 ex·

109 2519 258 2595 ercuerat,
290 2511 426 2598 quoniam
446 2511 498 2575 ille
520 2511 668 2597 antiquum
688 2533 799 2577 murem
820 2522 937 2579 secutus
958 2514 1033 2579 nihil
1053 2514 1114 2578 nisi
1133 2510 1279 2577 iocularis

110 2598 252 2684 quaedam
273 2605 304 2662 et
323 2596 437 2661 ludicra
457 2595 661 2680 conquirebat,
689 2618 763 2682 quae
789 2598 896 2687 populo
916 2601 1108 2689 propinaret3
1134 2595 1279 2665 cneum

109 2704 182 2747 uero
202 2701 280 2746 novo
306 2701 427 2769 prorsus
455 2679 540 2745 modo
569 2680 746 2747 comoediam
771 2682 805 2747 in
831 2683 954 2749 sublime
981 2683 1087 2748 extulit
1110 2680 1278 2769 fastigium,

109 2765 188 2831 unde
208 2786 309 2830 omues
331 2773 361 2829 et
380 2766 523 2829 humanas
545 2771 575 2830 et
595 2767 710 2831 divinas
731 2788 782 2831 res
808 2768 1054 2858 contemplaretur
1073 2772 1104 2831 et
1124 2766 1179 2831 suh
1198 2764 1279 2831 iudi-

108 2852 184 2915 cium
210 2855 339 2914 uocaret
379 2847 481 2935 Itaque
508 2850 599 2915 utitur
622 2850 716 2940 ipsius
736 2850 929 2939 Ecphantidis
957 2853 1058 2919 vcrhis
1078 2849 1151 2915 uda
1171 2846 1279 2917 κισσί-

105 2931 191 3018 χαιτ’
215 2931 293 3009 ἄναξ
317 2943 419 3019 χαῖρε,
455 2955 516 2999 non
545 2941 604 2999 tam
630 2937 720 3000 utin
745 2936 792 3001 his
821 2937 931 3022 aliquid
956 2936 1172 3025 reprehendat,
1205 2934 1277 3023 quid

107 3020 186 3084 enim
207 3019 272 3082 iure
292 3019 460 3106 vituperare
487 3021 648 3108 potuisset,
675 3020 728 3086 sed
749 3029 782 3085 ut
807 3021 946 3087 humilem
967 3023 1054 3087 istam
1075 3033 1106 3086 et
1126 3020 1277 3107 entique!

107 3103 285 3169 comoediam
319 3104 484 3190 significet:
528 3105 664 3168 videntur
697 3105 774 3169 euim
806 3107 879 3173 haec
907 3107 1000 3171 uerba
1028 3106 1064 3171 ah
1090 3104 1277 3194 Ecpheutide

105 3190 139 3254 in
160 3189 282 3254 exordio
303 3188 426 3252 alicuius
448 3187 611 3253 cantilenae
633 3189 664 3252 iu
683 3187 795 3254 Bacchi
817 3191 958 3257 honorem
978 3192 1075 3280 posita
1095 3210 1180 3273 esse,
1200 3210 1276 3277 quae

105 3282 175 3338 tuuc
202 3273 286 3359 vulgi
318 3293 370 3337 ore
403 3274 560 3337 terebatur.
604 3271 742 3338 Ceterum
771 3274 908 3340 Naekius
941 3275 979 3339 de
1007 3275 1149 3342 Choerilo
1180 3295 1212 3362 p.
1231 3274 1277 3341 58

104 3357 1096 3522 dtlthltlfflhdlocalitati?titulasti?
1115 3356 1278 3509 “Zhl'i

104 3526 201 3591 fatcor
231 3527 374 3590 incertum
409 3488 562 3591 admodum
592 3533 622 3591 ct
648 3505 832 3616 ‘ambiguum
873 3528 978 3595 Possit
1006 3530 1135 3593 lortame
1158 3509 1277 3617 'aliquis

105 3611 220 3698 opinari
240 3611 313 3673 haec
335 3610 372 3674 ad
394 3610 593 3697 hyporchema
614 3611 742 3698 aliquod,
762 3613 839 3697 quod
860 3614 973 3713 opelius
995 3614 1101 3678 chorus
1123 3614 1277 3699 oecinerit,

104 3693 263 3759 reserenda
284 3715 366 3775 esso,
395 3716 463 3758 nam
485 3694 698 3783 Erphautidem
720 3697 808 3761 etiam
830 3698 901 3762 talia
922 3698 1054 3763 carmina
1074 3698 1279 3786 composuisse

30 3784 32 3791 '
103 3778 246 3866 colligere
274 3779 346 3843 mihi
373 3777 477 3843 videor
511 3801 551 3843 ex
577 3780 741 3845 Aristotele
763 3780 854 3847 Polit.
877 3781 962 3851 Vlll.
983 3783 1019 3847 6:
1061 3784 1137 3847 Kal·
1153 3782 1215 3867 γὰρ
1243 3782 1278 3849 ἔν

103 3863 320 3939 Λακεδαίμονί
337 3887 383 3937 τις
402 3862 534 3947 χορηγὸς
556 3863 649 3935 αὐτὸς
669 3862 783 3946 ηὔλησε
803 3872 848 3951 τῷ
866 3872 962 3953 χορῷ,
983 3870 1035 3931 καλ
1054 3868 1122 3951 περὶ
1138 3864 1278 3951 Ἀθήνας

104 3945 200 4021 οὕτως
227 3949 443 4031 ἐπεχωρίασεν,
471 3946 548 4012 ὥστε
574 3948 683 4030 σχεδὸν
714 3950 743 4013 oi
769 3954 875 4015 aulici
903 3959 967 4017 τῶν
992 3950 1174 4032 ἐλευθερίων
1200 3974 1277 4035 μιτ-

104 4041 183 4113 εἴχον
209 4030 322 4114 αὐτῆς·
366 4035 458 4113 δῆλον
486 4033 520 4095 δὲ
552 4034 586 4105 ἐκ
611 4039 667 4097 τοῦ
694 4035 834 4111 πίνακος,
868 4032 903 4100 ὃν
931 4036 1062 4115 ἀνέθηκε
1091 4032 1277 4119 Θράσιππος

100 4117 284 4201 Ἐκφαντίδῃ
308 4114 504 4200 χορηγήσαςι
548 4117 597 4181 hic
624 4118 702 4182 enim
730 4119 766 4183 de
793 4121 943 4187 comoedia
963 4120 1069 4271 'aliq3a
1096 4122 1150 4209 agi
1174 4120 1275 4187 minos

101 4203 268 4290 probabile:
291 4212 378 4351 atque
399 4201 537 4264 similiter
556 4200 697 4265 Pratinas
718 4204 751 4266 in
772 4204 1001 4293 hyporchemate
1052 4204 1174 4273 ecchum
1194 4226 1273 4273 cum·

102 4286 224 4375 pellavit
250 4308 295 4374 ap.
348 4284 429 4353 then.
449 4283 534 4351 Xlll.
554 4307 583 4373 p.
605 4287 669 4351 617
689 4285 734 4351 F:
988 4326 1004 4345 ·.
1268 4328 1273 4337 -
