2768 4770
112 193 156 265 10
491 183 898 267 ΟθΜΜΕΝΤΔΤΙΟΝΕΒ

111 363 228 429 videtur
248 360 462 428 Grammaticus
492 356 632 425 Bekkeri
651 354 694 423 Τ.
720 355 747 423 Ι.
771 377 802 447 p.
827 353 902 423 47⁵.
927 358 965 425 72
1005 354 1284 445 Ἅχρειογίλως

112 446 323 535 ἅνθρωπος·
345 447 394 517 ἐπί
414 451 479 520 τοῖς
500 438 664 528 ἀχρήστοις
684 443 735 505 καὶ
758 439 803 525 μὴ
825 442 1005 520 σπουδαίοις
1024 449 1120 527 γελῶν
1138 448 1191 511 καί
1210 448 1285 531 χαί·

111 558 184 622 ρων.
227 530 389 621 Compares
410 536 565 618 praeterea
585 527 748 594 Homerum
769 526 824 592 Od.
844 526 959 598 XVIII.
982 529 1060 596 163:
1258 538 1263 545 “

191 616 325 703 Ἀχρεΐον
346 617 375 679 δ’
397 615 569 698 ίγίλασσιν,
599 611 671 688 iiico
691 615 724 676 τ’
745 609 834 697 ἔφατ’
855 610 889 676 ίκ
910 615 942 677 τ’
959 609 1115 696 ὀνόμαζεν.

111 704 293 769 Difficiliora
314 707 398 782 sunt,
435 720 508 785 quae
529 699 755 797 subsequuntur.
798 696 890 765 Suam
910 699 1084 800 sapientiam
1124 702 1183 769 uod
1204 724 1284 770 com·

111 796 253 855 memorat
274 785 431 865 Cratinus,
452 805 513 848 non
534 790 580 849 est
599 783 780 849 mirandum:
805 782 882 849 nihil
903 806 981 850 enum
1003 785 1083 852 aliud
1125 788 1132 802 '
1151 788 1176 853 it
1195 792 1285 875 qudru

110 874 188 939 hanc
213 871 343 937 fabulam
368 868 506 935 sollerter
531 874 562 933 et
587 869 661 934 scite
692 890 727 933 se
753 869 989 968 excogitavisse,
1021 878 1055 936 ut
1080 893 1121 937 ex
1145 874 1285 962 speciosa

111 959 170 1022 ima
193 958 242 1021 ‘ne
263 958 328 1045 ipsa
348 954 459 1019 veritas
480 954 612 1034 eluceat,
634 976 699 1019 cunr
720 954 828 1019 aemula
848 961 952 1042 poetae
973 956 1111 1022 scurrilia
1131 959 1232 1047 maglo
1253 965 1286 1025 et

112 1044 177 1107 iocu
190 1042 254 1106 aria
274 1045 471 1105 sectarentur:
502 1039 534 1102 id
554 1039 648 1139 igitur
688 1039 745 1104 uod
766 1046 831 1104 erat
850 1041 1031 1128 propositum
1051 1043 1084 1106 in
1108 1065 1184 1109 enne
1206 1044 1286 1110 fatc-

112 1135 175 1209 tur‚
208 1132 325 1191 veteres
351 1125 431 1189 enim
455 1123 632 1210 longissrme
658 1060 782 1191 cherane
810 1125 846 1188 ab
873 1124 927 1189 illa
953 1147 1027 1226 quae
1046 1064 1144 1193 uiolari
1164 1129 1286 1215 quidem

111 1234 146 1277 se
167 1211 261 1302 cupit,
300 1232 413 1275 avera
438 1216 536 1273 autem
557 1209 700 1273 modestia
726 1210 866 1274 abhorret
884 1209 1070 1298 longissime.
1118 1212 1182 1279 lam
1209 1234 1286 1279 vere

113 1297 268 1364 Cratinum
293 1295 325 1359 in
351 1294 461 1359 fabulis
488 1293 696 1382 componendis
723 1294 754 1359 id
781 1296 867 1359 unice
895 1297 1076 1383 spectavisse
1103 1299 1178 1383 quod
1201 1306 1287 1365 esset

111 1401 231 1464 uerum,
266 1402 305 1445 ne
331 1386 449 1444 veteres
477 1379 593 1463 quidem
618 1379 716 1443 latuit:
748 1387 829 1445 recte
856 1381 935 1444 euim
962 1381 1130 1468 Dionysius
1156 1383 1190 1448 in
1217 1390 1286 1449 arte

110 1467 236 1533 Rhetor.
258 1488 284 1531 c.
307 1465 357 1533 11.
415 1465 546 1571 rspexit,
579 1464 647 1549 quid
678 1465 718 1528 sit
745 1465 909 1529 institutum
937 1467 1074 1553 antiquae
1095 1468 1285 1535 comoediae:

105 1551 195 1618 Ἡδί
212 1575 245 1635 γε
266 1552 379 1638 κωμιρδ
391 1574 413 1612 α
434 1550 480 1615 ότι
501 1545 689 1613 πολιτεύεται
710 1549 816 1625 ίντοΐς
837 1545 974 1632 δράμασι
994 1555 1046 1615 καὶ
1067 1556 1242 1641 φιλοσοφεῖ,
1262 1550 1286 1639 ἢ

110 1643 172 1701 τῶν
193 1636 261 1721 περὶ
282 1634 334 1699 τδν
356 1637 511 1719 Κρατῖνον
532 1636 582 1696 καί
599 1625 824 1718 Ἀριστοφάνην
849 1637 900 1697 καί
921 1633 1072 1715 Εόπολιν,
1112 1640 1146 1704 τί
1164 1640 1216 1703 δεῖ
1231 1642 1288 1703 καί

112 1720 222 1806 λόγους
254 1720 472 1808 Aristophanes
500 1726 597 1785 autem
623 1719 701 1783 idem
729 1725 759 1783 et
785 1727 902 1784 secutus
930 1742 1048 1810 semper
1074 1729 1121 1787 est
1141 1729 1171 1787 et
1191 1745 1287 1815 saepe

131 1808 275 1874 rolessus.
318 1804 403 1879 Quod
425 1811 520 1869 autem
541 1810 628 1892 poeta
648 1804 801 1891 populum,
824 1806 906 1869 cuius
926 1827 1071 1894 perversa
1089 1807 1201 1874 iudicia
1220 1828 1287 1875 τσο·

111 1829 149 1959 do
171 1894 233 1956 vitu
253 1896 405 1971 enaverat,
427 1890 566 1977 optimum
590 1888 661 1953 dicit
681 1889 849 1955 comoediae
871 1910 943 1954 suae
964 1891 1105 1974 iudicem,
1130 1892 1162 1958 id
1182 1894 1287 1982 possis

110 1912 303 2129 probahilter
323 1976 356 2038 in
376 1974 482 2039 malam
502 1979 615 2061 partem
637 1974 781 2061 accipere,
804 1981 835 2037 ut
856 1974 896 2039 sit
907 1975 998 2039 iudex
1008 1998 1118 2077 pravus
1132 1983 1163 2042 et
1171 1977 1289 2067 impro-

132 2085 180 2127 us:
214 2068 245 2127 at
269 2081 342 2124 vero
363 2065 495 2147 praestat
519 2058 594 2121 haec
619 2058 652 2121 iu
680 2057 796 2123 laudem
823 2065 854 2123 et
878 2080 1066 2146 praecorrum
1097 2072 1289 2130 convertere.

111 2147 313 2215 Athenienses
335 2144 429 2223 enim,
462 2163 633 2227 quamquam
659 2163 773 2207 summa
803 2150 889 2208 erant
909 2145 1044 2227 levitate,
1081 2154 1112 2211 at
1130 2154 1220 2213 erant
1239 2156 1289 2213 ta-

111 2254 180 2299 men
200 2249 310 2316 maguo
332 2227 448 2314 ingenii
474 2229 624 2307 acumine,
655 2234 740 2291 erant
760 2228 930 2315 incorrupto
952 2236 983 2294 et
1003 2231 1135 2318 eleganti
1154 2232 1288 2299 iudicio:

111 2319 143 2383 id
165 2315 240 2401 quod
262 2313 364 2400 comici
384 2318 487 2400 poetae
509 2332 741 2398 saepenumero
764 2312 944 2378 collaudant:
976 2336 1074 2401 neque
1099 2317 1178 2381 enim
1200 2319 1289 2407 ipsos

108 2400 313 2468 Athenienses
341 2397 434 2483 legit,
469 2403 647 2483 quantopere
673 2397 829 2484 prudentia
856 2405 886 2462 et
911 2400 1075 2486 sagacitate
1094 2409 1291 2489 praestarent

110 2485 217 2552 ceteris
250 2482 385 2548 omnihus
413 2480 546 2545 Graecis.
588 2481 630 2545 Et
648 2481 753 2546 Aristo
774 2482 868 2547 hanes
897 2505 1010 2570 quoque
1039 2487 1072 2550 iu
1093 2508 1129 2552 eo
1150 2488 1219 2589 ipso
1240 2488 1290 2553 lo·

111 2593 161 2653 eo,
204 2590 259 2655 quo
295 2567 428 2655 graviter
453 2567 680 2631 inconstantiam
706 2504 898 2635 multitudinis
931 2571 1137 2659 reprehendit,
1164 2594 1200 2637 un
1220 2574 1290 2641 Nu-

109 2657 195 2722 hihus
216 2676 245 2719 v.
265 2653 331 2719 520
352 2652 435 2716 dicit:
500 2694 503 2700 -

198 2735 289 2804 Οότω
309 2736 469 2818 νικήσαιμί
486 2737 514 2799 τ’
535 2732 593 2818 ἐγώ
615 2738 665 2800 καὶ
687 2738 864 2819 νομιζοίμην
885 2734 991 2824 σοφός,

189 2820 245 2898 Ὡς
265 2817 347 2903 ὖμᾶς
367 2817 534 2905 ἦγοόμενος
554 2816 629 2883 εἶναι
649 2821 765 2896 θεατὰς
787 2820 903 2897 δεξιοὺς

194 2909 260 2974 Καὶ
282 2903 397 2988 ταύτην
417 2903 573 2989 σοφώτατ’
595 2904 671 2986 ἔχειν
692 2913 753 2969 τῶν
775 2909 856 2986 ε’μών
876 2911 1055 2994 κωμῳδιῶν,

192 3030 234 3042 -
277 3026 317 3040 -
360 3027 404 3040 -
445 2992 534 3054 ταῦτ’
556 2983 611 3055 οὖν
632 2986 703 3070 ὑμῖν
723 2991 887 3076 μέμφομαι

197 3083 273 3152 Τοῖς
293 3085 416 3161 σοφοῖς,
438 3066 480 3139 ὧν
502 3072 597 3139 οὕνεκ’
620 3073 677 3156 ἐγώ
697 3078 784 3140 ταῦτ’
807 3074 1092 3161 ἐπραγματευόμην.

189 3162 270 3230 Ἀλλ’
292 3160 358 3225 οὐδ’
381 3158 422 3236 dg
442 3157 523 3241 ὑμᾶς
544 3162 620 3224 ποθ’
637 3158 713 3224 ἑκών
734 3157 886 3246 προδώσω
906 3162 980 3238 rode
1002 3159 1127 3241 δίξιοός.

188 3331 247 3396 Ἐκ
268 3327 379 3396 τούτου
400 3356 453 3410 μοι
475 3328 568 3396 πιστοὶ
588 3333 662 3414 παρ’
683 3325 756 3411 ὖμῖν
777 3326 898 3414 γνώμης
919 3330 988 3395 toa’
1011 3329 1115 3417 όρκια·

191 3423 262 3482 Νῦν
284 3408 338 3480 οὗν
351 3416 523 3496 Ἠλέκτραν
544 3417 611 3479 κατ’
633 3417 746 3498 ἐκείνην
767 3413 815 3498 ἥδ’
837 3414 856 3497 ἡ
878 3420 1025 3504 κωμῳδία

193 3504 327 3584 Ζητοῦο’
349 3493 433 3584 ἦλθ’,
455 3501 493 3586 ἤν
514 3526 574 3565 που
592 3497 717 3586 ’πιτόχη
741 3506 869 3577 θεαταῖς
891 3501 972 3567 οὕτω
994 3512 1113 3589 σοφοῖς.

106 3596 138 3655 et
156 3588 228 3654 ihid.
256 3609 284 3653 v.
304 3587 385 3654 ⁵75:

184 3666 226 3737 Ὦ
248 3667 424 3758 σοφώτατοι
445 3672 558 3735 θεαταί
579 3671 670 3750 δεῦρο
696 3667 751 3733 τὸν
771 3676 844 3736 νοῦν
864 3667 1020 3755 πρόσχετε.

106 3758 220 3824 Eodem
245 3764 330 3846 pacto
363 3757 395 3821 in
421 3756 518 3820 Ranis
539 3779 568 3822 v.
590 3757 663 3823 700.
692 3756 742 3821 uhi
769 3757 960 3823 vehementer
989 3759 1023 3822 iu
1050 3754 1287 3827 Atheniensium

105 3844 330 3934 perversitatem
353 3842 519 3907 invehitur:

186 3927 280 3994 Ἀλλα
300 3952 356 4010 της
377 3951 469 4009 οργης
490 3924 623 4001 δνίντες,
644 3915 867 4008 ώσοιγώτατοι
889 3924 988 4013 φόσει.

107 4012 169 4081 Sed
190 4034 294 4077 rursus
314 4014 347 4077 in
368 4011 615 4101 antepirrhemate
635 4032 664 4074 v.
685 4012 763 4077 734:

186 4097 280 4165 Ἀλλὰ
301 4101 352 4161 καὶ
373 4102 442 4173 νῦν,
466 4087 490 4158 oi
512 4093 640 4176 ’νόητοι,
666 4094 889 4179 μεταβαλόντες
909 4097 982 4173 τοὺς
1002 4095 1146 4181 τρόπους.

106 4182 250 4251 Maximis
278 4204 347 4334 ριρρο
375 4182 510 4249 laudibus
536 4181 645 4248 ibidem
675 4182 745 4250 inde
771 4206 789 4249 a
814 4205 843 4248 ν.
866 4184 960 4250 1109.
981 4182 1213 4251 Atheniensium
1233 4184 1284 4249 in·

106 4270 198 4359 genia
218 4288 282 4337 cum
332 4274 357 4333 tc
