2760 4792
323 231 382 299 DE
403 231 545 308 RELlQ.
567 229 753 299 GOMOED.
774 230 880 299 ΑΤΤ.
900 231 1045 307 ANTIQ-
1202 228 1265 297 1⁷1

179 399 271 484 Ανὴρ
289 396 407 482 χορεύει
428 401 479 463 καί
500 396 539 464 rot
558 403 710 469 τούθεού
731 396 863 485 καλό·’)

184 484 297 548 Βούλει
317 485 472 565 Διοπείθη
492 480 681 565 μεταδρόμω
700 486 750 547 καλ
771 480 927 565 τύμπανα.

103 571 153 635 καλ
174 569 337 651 Ἀμειψίας
363 573 395 637 ίν
421 567 548 654 Κόννῳ.
571 567 666 633 Ὥστε
692 575 847 646 ποιοῦντες
876 567 1036 652 χρησμούς
1062 565 1155 632 αύτοῖ
1180 568 1265 634 δίδο-

102 660 180 721 σθαι
208 656 269 718 δεῖν
290 656 450 719 Διοπείθει
476 660 520 741 τῷ
547 655 815 741 παραμαινομίνῳ.
876 675 931 720 uae
960 657 1093 741 graviter
1118 662 1265 742 corrupta,

101 760 215 825 nequeo
236 747 317 804 certa
336 741 503 804 coniectura
523 739 681 828 expedire,
722 740 781 803 nisi
802 676 878 825 quoi
899 736 983 826 ᾄδειν
999 739 1158 820 χρησμοὺς
1179 741 1267 804 resti-

101 824 239 889 tuendum
260 832 315 889 est.
344 825 384 889 m
403 826 434 888 hi
453 823 568 910 quidem
591 846 695 888 versus
716 826 872 888 manifesto
894 827 999 890 docent
1014 824 1181 912 Diopithem
1198 844 1265 888 ora·

103 909 168 973 rulo
195 909 365 973 exhibuisse
387 915 416 972 et
442 910 503 973 inte
540 916 663 972 rotatum
685 929 762 972 esse.
805 909 918 974 Eodem
941 909 1058 973 nondne
1084 930 1149 972 eum
1178 909 1266 974 etiam

101 992 318 1081 Aristophanes
339 994 436 1080 tangit
456 996 488 1057 in
505 930 617 1082 riaspis
639 1014 666 1057 v.
689 994 766 1058 379:
944 994 947 999 ’

120 1130 123 1137 i
180 1076 265 1143 Ἀλλ’
290 1077 408 1157 ἐξάψας
430 1078 481 1141 διὰ
501 1084 556 1159 τῆς
576 1078 706 1157 θυρίδος
727 1077 762 1141 ed
784 1074 935 1141 καλώδιον
954 1071 1019 1141 εἶτα
1040 1076 1162 1154 καθίμα

186 1157 295 1243 Δόσας
317 1162 430 1227 σαυτὸν
451 1164 501 1226 καὶ
522 1162 578 1244 τὴν
596 1161 704 1244 ψυχὴν
729 1158 960 1244 ἐμπλησάμενος
981 1161 1181 1238 Διοπείθους.

102 1245 229 1315 hominis
262 1248 341 1313 enim
373 1249 469 1311 fictam
501 1247 672 1328 insaniam,
713 1269 777 1312 cum
815 1247 933 1312 oracula
962 1245 1121 1327 funderet,
1163 1252 1268 1313 nemra

101 1331 313 1421 voluit'poeta:
348 1332 400 1397 sed
422 1332 459 1397 ad
480 1332 605 1397 eundem
626 1330 814 1423 Diopithem,
836 1338 867 1395 ut
886 1338 975 1423 puto,
995 1331 1083 1397 etiam
1104 1351 1178 1416 quae
1199 1351 1267 1424 pre·

101 1416 183 1485 xime
224 1438 383 1503 raegressa
403 1429 488 1498 sunt,
508 1418 672 1506 pertinent:

180 1438 238 1577 ὗς
259 1501 317 1586 ἔγω
337 1497 445 1566 τοῖτόν
465 1502 495 1585 γ’
521 1501 574 1565 ἐὰν
594 1497 669 1585 γρύ-

112 1604 115 1611 ·
187 1588 291 1671 ξητι,
312 1582 432 1667 ποιήσω
453 1587 555 1650 δακεῖν
575 1583 633 1666 τὴν

113 1735 119 1743 ,
186 1672 332 1755 Καρδίαν
353 1672 402 1733 καί
424 1669 478 1733 τόν
504 1671 571 1748 περὶ
592 1685 659 1750 ψυ-

182 1760 243 1839 χῆς
264 1751 381 1836 δρόμον
402 1754 529 1833 δραμεῖν
546 1749 589 1815 ‘tv’
614 1753 680 1835 εἰδῇ

188 1838 249 1918 Μὴ
271 1847 376 1901 πατεῖν
396 1835 437 1900 τὰ

190 1927 265 1986 Τῶν
286 1926 368 1985 θεῶν
387 1919 589 2003 ψηφίσματα.

101 2006 232 2079 Videtur
257 2006 335 2071 enim
357 2004 514 2106 Diopithes
536 2011 605 2067 tune
624 1999 723 2101 legem
750 1998 787 2065 do
813 2001 964 2087 mysteriis
989 2022 1050 2067 nou
1096 2002 1270 2071 rodenandis

103 2091 277 2185 scripsisse,
299 2097 384 2175 atque
406 2112 434 2154 e1
455 2089 504 2174 qni
524 2088 622 2173 legem
644 2085 803 2166 violasset,
824 2095 986 2153 extremum
1008 2023 1181 2175 suppiieium
1202 2094 1270 2181 pro·¹

103 2177 257 2267 posuisse:
285 2177 358 2239 scite
378 2175 388 2238 i
413 2175 471 2238 itur
496 2173 553 2236 hoo
573 2170 791 2259 Aristophanes
812 2170 856 2234 rei
884 2176 968 2255 quam
991 2174 1134 2239 tractabat
1160 2196 1272 2239 aecem.

104 2261 248 2342 modavit,
274 2267 360 2345 atque
385 2196 503 2327 tiorum
535 2257 640 2320 iratum
668 2253 786 2319 induxit
806 2254 908 2318 eadem
929 2254 1124 2341 Bdelyolooni
1154 2260 1272 2343 minori,

125 2367 179 2410 nae
201 2346 260 2408 Dio
281 2344 357 2408 ithes
378 2343 476 2433 impiis
498 2347 528 2405 et
548 2339 721 2438 sacrilegis3
752 2339 825 2403 scite
846 2360 917 2403 vero
939 2339 1085 2423 instituit,
1112 2349 1144 2407 ut
1164 2345 1272 2413 chorus

106 2365 212 2494 ioinde
238 2366 458 2492 Ptilocleonem
485 2427 601 2490 iuberet
625 2423 776 2513 Dropithis
807 2423 920 2487 animos
954 2425 1012 2488 sibi
1041 2448 1166 2492 sumere.
1208 2429 1272 2494 Iam

107 2534 170 2579 oum
191 2512 348 2602 Diopithes
369 2512 449 2577 illam
471 2511 568 2598 legem
590 2517 693 2572 eontra
713 2507 902 2595 philosophos
924 2509 1054 2592 tulisset,
1076 2532 1147 2577 usus
1170 2535 1206 2576 ea
1227 2520 1273 2580 est

110 2596 199 2681 Cleo,
228 2606 260 2661 ut
281 2597 515 2685 Anaxagoram,
536 2592 664 2656 Periclis
695 2592 888 2673 familiarem,
919 2592 950 2655 in
977 2594 1115 2660 iudicium
1141 2608 1272 2680 vocaret,

108 2682 137 2747 id
157 2682 233 2768 quod
255 2681 339 2746 Satio
360 2680 480 2745 tradidit
501 2677 577 2770 apud
599 2677 690 2784 Diog.
711 2677 815 2742 Laert.
835 2677 876 2742 ll.
899 2678 954 2741 12:
986 2680 1111 2743 Σωτίων
1131 2681 1188 2760 μὲν
1213 2678 1272 2766 γάρ

96 2788 202 2853 Ιφησιν
224 2768 256 2831 ἐν
275 2772 313 2855 τῇ
335 2768 464 2849 διαδοχῇ
485 2770 545 2825 τῶν
567 2765 747 2846 φιλοσοφων
767 2757 827 2824 sind
851 2761 993 2839 Κλίωνος
1014 2763 1108 2828 αύτδν
1134 2763 1274 2847 ἀσεβείας

108 2856 271 2937 κριθῆναι,
302 2848 379 2914 διότι
405 2851 458 2913 τὸν
483 2845 569 2930 ἥλιον
594 2843 713 2933 μύδρον
738 2845 817 2929 ἔλεγε
843 2843 1002 2932 διάπυρον.
1043 2849 1080 2913 ln
1101 2849 1188 2915 huius
1216 2851 1273 2917 cri.

107 2938 195 3001 minis
216 2937 384 3000 societatem
406 2935 493 2998 etiam
520 2931 654 3033 discipuli
682 2937 713 2994 et
739 2931 824 3009 amici
845 2930 1049 3021 Anaxagorae
1069 2936 1166 2999 vocati
1193 2942 1274 3018 sunt,

107 3029 141 3085 nt
159 3020 370 3129 Thucydides,
392 3018 452 3082 vid.
473 3015 640 3081 Marcellin.
661 3037 690 3107 p,
711 3014 733 3080 4
754 3016 800 3083 ed.
822 3014 945 3081 Duker:
978 3016 1111 3082 Ἤκουσε
1133 3020 1166 3082 δὲ
1187 3022 1274 3083 onte

105 3101 229 3169 σκύλων
246 3100 449 3187 Αναξαηόρου
473 3102 530 3182 μέν
551 3102 583 3164 ἐν
603 3095 804 3186 φιλοσόφοις,
832 3097 906 3164 ὅθεν
932 3105 1026 3186 φησίν
1039 3100 1201 3178 Ἄντυλλος
1221 3106 1274 3169 καί

107 3186 204 3265 ἔθεος
223 3188 323 3272 ἠρέμα
344 3190 493 3267 ἐνομίσθη
500 3233 509 3262 ,
536 3190 592 3265 τῆς
613 3186 727 3249 ἐκεῖθεν
748 3187 881 3264 θεωρίας
902 3187 1102 3269 ἐμφορηθείς.

191 3274 239 3341 lta
250 3275 400 3360 Diagoras
422 3271 520 3335 estin
540 3271 719 3337 iusvooatus
741 3269 868 3352 adiitque
890 3271 993 3359 capitis
1015 3270 1187 3335 dmorimen:
1209 3272 1274 3338 iure
1312 3280 1314 3285 '

107 3358 161 3424 iile
172 3359 299 3444 quidem,
322 3366 406 3442 atque
421 3375 591 3440 quamquam
605 3355 661 3419 suit
681 3354 766 3419 homo
781 3355 891 3442 probus
903 3363 933 3418 et
952 3355 1094 3420 honestus
1116 3355 1148 3419 in
1169 3359 1274 3423 carmi·

108 3444 196 3507 nibus
217 3444 354 3531 pietatem
374 3462 449 3510 eren
470 3460 577 3502 numen
598 3439 726 3503 divinum
748 3437 876 3502 ostendit
896 3439 1068 3503 maximam:
1103 3440 1274 3508 documento

111 3534 180 3592 sunt
205 3549 279 3613 quae
305 3548 345 3590 ex
370 3522 554 3590 Aristoxeno
591 3523 680 3588 affort
703 3523 858 3587 Phaedrus
885 3522 1049 3612 Epicureos
1075 3524 1107 3587 in
1134 3525 1208 3589 libro
1237 3526 1275 3592 ds

111 3612 216 3677 natura
236 3612 372 3691 deorum,
394 3631 478 3695 quem
498 3609 677 3675 restauravit
695 3607 853 3687 Petersen,
873 3629 903 3695 p.
924 3611 981 3690 22,
1003 3609 1054 3672 uhi
1075 3618 1178 3675 censet
1195 3608 1276 3675 Stoi-

113 3716 161 3762 oos
202 3696 371 3784 hilosophos
392 3693 488 3780 magis
510 3693 614 3782 impias
636 3694 798 3758 sententias
818 3694 1007 3781 proposuisse
1029 3694 1065 3759 de
1087 3695 1161 3776 diis,
1188 3715 1274 3781 quam

113 3781 160 3846 rel
181 3719 366 3869 idagoramt
404 3777 654 3862 Ἀνθρωποειδεῖς
679 3777 737 3862 γὰρ
771 3779 875 3841 ἐκεῖνοι
905 3776 940 3844 ού
975 3780 1161 3860 νομίζουσιν,
1194 3779 1275 3843 ἀλλὰ

115 3862 205 3957 δίρας
234 3869 285 3931 καὶ
315 3860 472 3946 πνεύματα
499 3865 549 3928 καλ
577 3861 724 3948 αἰθίρας,
758 3858 834 3927 ὥστ’
857 3860 947 3948 'lyam
968 3867 1019 3929 καλ
1040 3861 1275 3952 τεθαρρηκότως

179 4167 207 4236 ’)
234 4162 277 4220 Τὰ
299 4166 348 4220 τοῦ
369 4165 440 4221 θεοῦ
461 4160 531 4224 καλό
548 4167 576 4225 h.
593 4184 618 4224 ο.
636 4167 726 4224 omnis
747 4167 828 4225 saeris
845 4167 940 4225 diuinis
957 4169 1008 4225 rite
1024 4175 1181 4243 praeparate
1201 4174 1272 4236 sunt,

117 4234 318 4372 pippoprip'tpplp.
331 4236 454 4359 ppssPlppe
480 4253 506 4290 r.
523 4235 576 4295 868
600 4236 740 4311 Euripides
761 4237 847 4310 rpem.
871 4239 956 4293 Taur.
972 4237 1032 4296 467.
1063 4239 1207 4293 Menander
1228 4255 1271 4308 ap.
