2760 4792
125 247 137 268 ⁶
155 244 221 314 354
539 238 949 311 COMMENTATIONES

156 413 241 487 Quod
261 412 374 477 crimen
393 408 518 504 Eupolis
539 410 572 475 iu
597 408 736 513 parabasi
756 408 918 499 Baptarum
942 408 986 474 ita
1005 408 1120 475 diluere
1140 410 1271 497 studuit,
1299 418 1331 479 nt

157 501 268 565 eliceret
288 518 322 562 se
342 495 576 585 Aristophanem
596 516 630 559 ιιι
650 493 806 580 Equitihus
828 495 1037 583 componendis
1059 494 1227 563 adiuvisse:

562 578 732 655 Κάκείνους
752 581 825 656 τοὺς
841 576 966 656 Ἱππίας

239 664 432 747 Σονεποίησα
451 668 496 752 τῷ
518 669 669 764 φαλακρῷ
690 661 789 749 τούτῳ
811 662 1049 747 κάδωρησάμην.

155 752 253 837 Atque
265 751 353 815 etiam
366 771 455 832 nunc,
476 756 533 815 etsi
546 771 586 814 ex
605 751 707 838 paucis
729 750 815 814 istius
827 750 947 814 fabulae
957 749 1140 839 Eupolideae
1150 750 1328 839 fragmenti!

156 858 248 925 aegro
268 835 396 937 perspici
417 841 529 922 potest,
555 856 630 919 quae
657 836 745 898 totius
766 834 886 900 fabulae
906 835 997 900 fuerit
1017 834 1109 917 ratio,
1140 842 1328 903 sunthorum

155 944 230 1008 quae
251 919 472 984 similitudinem
493 921 580 984 istam
600 920 735 1007 prodant.

113 1027 116 1031 ’
238 1004 416 1071 Comoedias
437 1004 523 1069 huius
545 1005 652 1068 chorus
674 1004 843 1069 constitisse
859 1004 977 1069 uidetur
997 1026 1037 1068 ex
1049 1003 1219 1095 Hyporholi
1239 1006 1328 1073 sodis

156 1102 241 1176 atque
269 1089 386 1171 amicis,
414 1097 552 1173 quantum
573 1088 687 1173 quidem
718 1090 865 1154 coniicere
890 1089 960 1153 lieet
987 1111 1027 1153 ex
1054 1091 1225 1179 fragmento
1251 1090 1326 1181 apol

153 1175 304 1241 Plutarch.
325 1174 357 1237 in
379 1174 431 1238 vit.
451 1171 572 1252 Niciae,
594 1174 644 1236 ubi
664 1172 797 1238 Maricas
818 1175 883 1261 ipse
904 1175 978 1239 haec
998 1175 1085 1240 dicii:

236 1255 418 1335 Ἠκοόσατ’,
440 1250 465 1321 ὦ
486 1255 652 1339 σονήλικες,

234 1340 308 1406 Ἐπ’
333 1338 506 1428 αὐτοφώρῳ
531 1344 641 1406 Νικίαν
662 1342 859 1424 είλημμίνονς

154 1429 245 1578 chopi⁵
257 1429 348 1492 verba
368 1429 464 1491 luisse
483 1435 553 1520 puto
575 1448 649 1512 quae
670 1425 812 1514 leguntur
826 1424 1324 1517 apudScholiastAcschyLPert.

152 1535 182 1579 v.
252 1536 260 1575 ι

236 1594 414 1679 Πεπόρακεν
433 1595 489 1675 μὲν
510 1592 527 1659 ὃ
549 1595 746 1681 περσέπτολις
765 1592 827 1678 ήδη
849 1600 1010 1684 Μαρικάς.

152 1702 226 1769 quae
248 1680 367 1746 deflexa
388 1688 458 1744 sont
479 1702 520 1746 ex
541 1676 641 1748 Aesch
663 1681 687 1745 li
708 1702 797 1746 versu
823 1682 891 1747 illo:

235 1764 415 1850 Πεπόρακεν
434 1765 490 1846 μὲν
511 1764 527 1829 ὃ
550 1790 626 1851 περσ
642 1770 748 1842 πτολις
767 1764 827 1849 ήόη
848 1767 1005 1847 βασίλειος

236 1850 375 1937 Στρατὸς
398 1852 439 1926 είς
460 1849 623 1933 ἀντίπορον
644 1853 763 1934 γείτονα
781 1851 897 1937 χώραν.

151 1936 214 2002 Sotl
235 1935 427 2024 lipperholus
449 1956 505 2020 quo
527 1937 681 2001 traiecisse
702 1937 830 2014 dicatur,
857 1938 1012 2001 obscurum
1034 1940 1095 2001 est:
1122 1936 1254 2003 furtum
1273 1934 1321 2001 illo

151 2030 281 2108 tompore
307 2020 489 2084 trierarchus
517 2021 589 2101 luit,
619 2028 650 2084 ct
675 2021 784 2084 choros
811 2022 937 2121 gaudet,
969 2020 1047 2107 quod
1070 2020 1210 2087 Athenas
1235 2020 1321 2087 luerit

151 2126 300 2170 reuersus.
343 2104 556 2168 Trierarchum
579 2112 676 2168 autom
702 2105 877 2190 aliquotiens
904 2107 1000 2172 luisse
1026 2106 1168 2171 coniicias
1194 2128 1237 2171 ox
1255 2104 1321 2171 Ari·

152 2190 296 2278 stophane
317 2186 583 2276 Thesmophorion.
603 2189 683 2252 836:
1010 2252 1013 2257 ,

238 2277 277 2336 Εἰ
298 2274 331 2336 (λε’
353 2272 453 2335 δειλόν
474 2274 524 2335 καὶ
546 2271 681 2357 πονηρόν
701 2270 800 2356 tutuo
822 2299 868 2350 τις
888 2275 970 2339 τίκοι
991 2271 1075 2360 γυνή,
1180 2282 1184 2289 ’

226 2356 275 2419 Ἢ
291 2353 477 2442 τριήραρχον
497 2353 645 2440 πονηρόν,
667 2354 686 2440 ἢ
708 2356 895 2443 κυβερνήτην
915 2357 1019 2439 κακόν,

231 2439 385 2526 Ὑστίραν
405 2440 502 2525 αὐτήν
522 2448 686 2525 καθῆσθαι
692 2490 702 2520 ,
725 2444 857 2529 σκάφιον
877 2442 1137 2531 άποκεκαρμίνην,

238 2532 304 2608 Τῆς
325 2526 379 2591 τὸν
399 2526 538 2608 ἀνδρεῖον
557 2526 713 2609 τεκούσης.

151 2613 200 2677 ubi
222 2611 426 2702 Hyperbolum
447 2612 629 2700 significari,
651 2634 712 2676 non
733 2613 888 2678 obscurum
908 2618 970 2695 est,
990 2614 1091 2702 porgit
1110 2614 1205 2681 onim}

253 2685 261 2699 ”
559 2700 614 2785 Τῷ
635 2695 694 2780 γάρ
716 2698 803 2773 εἰκός,
825 2689 850 2761 ui
871 2694 968 2776 πόλις,

237 2780 304 2862 Τήν
319 2776 510 2865 Ὑπερβόλου
531 2786 695 2863 καθῆσθαι
714 2781 825 2869 μητέρ’
849 2780 1082 2867 ήμφιεσμίνην

234 2866 345 2929 Λευκά
365 2869 416 2928 καί
438 2863 535 2945 κόμας
556 2872 706 2930 καθεῖσαν
726 2869 856 2950 πλησίον
876 2873 931 2949 τῆς
947 2864 1120 2950 Λαμάχου.
1171 2870 1175 2881 ’

152 2953 227 3016 sicut
248 2972 338 3038 supra
357 2971 387 3014 v.
408 2951 472 3015 833
493 2950 705 3038 intelligendus
727 2959 773 3016 est
793 2952 980 3017 Lamachus:

233 3037 325 3119 Χρήν
346 3030 419 3118 γάρ,
439 3031 528 3116 ἡμῶν
548 3038 574 3097 εί
594 3035 675 3099 τίκοι
695 3060 742 3110 τις
762 3034 861 3119 ἄνδρα
878 3035 1017 3123 χρηστόν
1036 3040 1074 3123 τῇ
1094 3034 1181 3102 πόλει

237 3121 412 3204 Ταξίαρχον
434 3118 649 3203 ήστρατηγόν,
673 3117 839 3200 λαμβάνειν
859 3119 950 3203 τιμήν
970 3146 1049 3186 τινα.

150 3205 191 3269 Et
217 3204 293 3293 opud
314 3204 545 3292 Aristophanem
575 3205 607 3267 in
634 3204 791 3290 Equitihus
832 3226 862 3270 v.
885 3208 970 3272 1300
995 3204 1191 3294 Hyperbolus
1217 3208 1323 3273 licitur

150 3290 268 3354 navium
293 3290 448 3377 imperium
474 3290 661 3376 poposcisse,
704 3291 781 3375 quod
806 3290 885 3355 haud
912 3291 999 3356 dubie
1030 3291 1117 3380 paulo
1151 3298 1222 3357 ante
1250 3291 1324 3359 illud

149 3383 281 3463 tempus,
303 3395 360 3458 quo
382 3374 480 3438 docuit
500 3380 586 3462 poeta
607 3373 730 3458 Equites
748 3375 857 3439 factum
879 3383 940 3440 est:

237 3463 339 3523 Φασίν
360 3455 495 3540 ἀλλήλας
515 3462 669 3534 ξυνελθεῖν
689 3458 746 3534 τὰς
765 3458 896 3544 τριήρεις
917 3463 959 3536 είς
979 3458 1078 3544 λόγον,
1150 3523 1153 3527 ,

234 3546 300 3607 Καί
320 3545 396 3625 μίαν
415 3544 499 3618 λίξοιι
519 3542 579 3608 τιν’
603 3541 720 3622 οὔτῶν,
740 3540 808 3626 ήτις
828 3537 867 3627 ήν
885 3545 1061 3630 γεραιτέρα·
1096 3608 1101 3615 ,

231 3628 313 3692 00οί
333 3624 528 3692 πυνθάνεσθε
548 3625 651 3707 ταῦτ’,
675 3620 700 3693 ὦ
720 3629 889 3714 παρθένοι,
909 3628 968 3695 τᾶν
987 3635 1026 3717 τῇ
1048 3626 1170 3713 πόλεις·

238 3716 339 3778 Φασὶν
361 3712 517 3776 αἰτεῖσθαί
534 3712 592 3777 τιν’
616 3709 704 3797 ἡμῶν
725 3712 834 3778 ἑκατὸν
854 3715 886 3790 ἐς
904 3711 1095 3797 Καλχηδόνα

227 3795 341 3883 ’Άνόρα
361 3796 525 3881 μοχθηρόν
545 3800 689 3882 πολίτην,
712 3798 813 3882 ὀξίνην
829 3795 1029 3885 Ὑπίρβολου.

149 3883 191 3947 Et
210 3883 266 3947 huc
286 3885 415 3948 sortasse
431 3883 620 3949 referendum
641 3890 697 3967 est,
719 3884 796 3971 quod
817 3905 856 3948 ex
876 3886 932 3948 hac
942 3884 1096 3972 Eupolidis
1109 3883 1213 3951 fabula
1233 3884 1323 3953 offert

151 3968 367 4076 Harpocration
369 3990 407 4077 p
419 3966 493 4050 174,
506 3967 563 4033 14:
577 3967 647 4033 Ὅτι
657 3971 708 4039 καί
719 3979 783 4045 τοῖς
792 3967 990 4056 τριηράρχοις
998 3970 1181 4055 παρείποντο
1202 3974 1321 4055 ταμίαι,

152 4054 318 4135 δεόήλοικεν
339 4055 474 4128 Ευπολις
495 4053 527 4118 ἐν
546 4056 690 4144 Μαρικᾷ.

235 4136 335 4237 Ipsum
346 4145 442 4203 autem
453 4137 485 4203 H
527 4139 658 4205 orholum
680 4138 751 4204 lecit
765 4136 910 4203 inscitiam
924 4158 1007 4203 suam
1020 4138 1114 4203 libere
1143 4138 1321 4224 rotitnntom,

150 4230 183 4287 ut
203 4222 401 4296 Qumtihanus
421 4242 475 4323 pro
496 4225 520 4287 it
539 4224 579 4288 L.
591 4224 616 4289 1.
640 4224 764 4306 1o,18:
792 4222 956 4306 ‚Maricas
978 4225 1027 4308 qui
1048 4231 1095 4289 est
1147 4224 1320 4313 yperholus,

151 4307 226 4372 nihil
246 4329 279 4372 se
300 4329 340 4372 ex
360 4308 594 4391 musicisscirc,
615 4308 675 4373 nisi
695 4308 827 4390 litteras,
849 4308 1035 4374 confitemur
1060 4307 1192 4375 Dixerat
1210 4308 1318 4398 igitur·
