2760 4792
308 250 368 318 oa
389 240 533 329 numu.
554 241 742 321 comato.
765 252 874 322 auu.
893 256 1040 334 anulo.
1186 263 1247 325 ιιι

26 442 36 453 -
84 440 128 521 9¹.
147 419 251 520 anhuq
272 401 541 520 satiscognoscut,
557 434 648 572 poam
664 423 823 488 conveniat
839 421 938 524 lepide
956 423 1009 523 iiia
1021 427 1277 507 hamathaeum„—

82 507 131 570 rlh
151 513 296 594 parasito:
326 528 417 570 mutor
437 513 533 570 umen
586 507 733 573 dearchum
755 526 794 572 ex
815 506 987 574 Anstotehs
1008 510 1162 600 disciplina
1182 532 1249 601 pro·

81 591 192 656 tecum
221 592 252 654 in
277 597 388 655 taumm
415 609 544 656 errorem
572 592 730 673 incidisse,
772 599 805 657 ut
830 593 904 658 haec
930 594 967 658 de
993 604 1080 683 poeta
1104 595 1248 683 Cytherio

82 683 237 751 namnet,
270 695 344 760 quae
376 675 413 740 ad
440 677 599 764 parasitum
629 676 693 741 fere
721 677 871 762 aequalem
897 681 1095 766 pertinerent:
1130 701 1187 766 qua
1213 702 1249 746 re

121 759 217 824 uidem
244 760 381 824 existimo
407 759 459 825 ida
484 767 596 825 tanturn
618 781 692 846 quae
712 762 780 825 huic
802 764 965 827 narrationi
985 763 1179 852 praecedant,
1208 780 1248 831 ex

80 842 232 911 Cearcho
252 846 343 944 petita
364 867 446 928 esse,
474 847 523 930 qui
544 846 581 910 de
602 865 726 931 quonam
748 844 915 912 Philoxeno
942 848 1054 913 locutos
1082 849 1187 932 suerit,
1215 852 1247 915 in

77 929 179 994 medio
205 930 430 1016 relinquendum
456 938 517 1010 est3
544 938 642 995 cetera
669 939 782 1012 eutem,
811 953 886 1017 quae
913 933 1131 1017 subsequantur
1154 935 1247 1023 ipsius

77 1012 232 1078 Athenaei
253 1035 336 1095 esse,
367 1016 416 1101 qui
437 1017 538 1080 nescio
559 1034 614 1125 quo
646 1025 767 1080 auctore
786 1038 858 1081 usus
880 1039 916 1080 ea
937 1018 975 1081 ad
996 1018 1247 1104 dithyramhorum

77 1106 196 1188 poetam
218 1099 371 1164 retulerit:
398 1090 497 1175 Οὗτος
513 1101 554 1175 είς
584 1102 706 1184 Eperos
727 1097 950 1177 καταπλεύσας,
971 1101 1068 1184 εόριὺν
1087 1102 1145 1186 τὴν
1165 1103 1247 1187 ‹iquo-

78 1184 200 1246 πωλίον
220 1180 321 1266 κενήν,
343 1182 475 1249 ἐπείθετο
496 1184 553 1268 τὴν
572 1185 686 1248 αἰτίαν·
708 1187 758 1248 καί
779 1185 896 1267 μαθὼν
915 1183 960 1250 ότι
983 1194 1045 1250 πᾶν
1065 1190 1108 1260 είς
1126 1183 1246 1271 γάμους

78 1264 319 1352 συνηγόρασται,
350 1268 536 1352 λουσόμενος
566 1275 668 1354 παρῆν
697 1268 829 1353 ἄκλητος
861 1267 904 1347 ὡς
935 1271 990 1335 τόν
1019 1274 1167 1358 νυμφίον·
1194 1279 1244 1338 καὶ

77 1349 159 1434 μετοὶ
185 1353 220 1418 τό
249 1356 368 1418 ιλεῖιτνον
392 1354 471 1431 deoc
492 1353 651 1437 ὑμέναιον,
683 1346 720 1420 οὗ
740 1353 759 1439 ἢ
782 1351 878 1441 ἀρχή·
905 1353 1009 1438 Γάμε
1034 1362 1135 1421 θεῶν
1155 1363 1245 1441 λομεν

79 1434 261 1522 πρότατε,
288 1421 404 1516 πόντοςΙ
431 1437 683 1524 ἐψυχαγώγησεν·
711 1430 748 1549 dp
776 1443 810 1505 δέ
836 1439 1120 1523 διθυραμβοποιός·
1148 1447 1198 1507 καὶ
1228 1444 1244 1505 ὁ

79 1524 222 1608 νυμφίος,
245 1521 397 1602 Φιλόξενε,
418 1523 489 1603 edne,
511 1529 561 1588 καὶ
584 1524 692 1609 αὔριον
713 1528 774 1590 ωδε
794 1527 940 1608 decusata,-
960 1531 1011 1589 καὶ
1033 1525 1049 1592 ό
1075 1526 1244 1604 Φιλόξενος,

72 1603 142 1672 'Aa
163 1605 259 1690 όιμον,
281 1607 356 1693 i'qq,
377 1609 421 1692 μὴ
443 1612 529 1693 πωλῇ
550 1635 605 1684 τις.
649 1610 692 1673 At
711 1613 858 1698 parasitus
886 1611 937 1675 ille
963 1633 1023 1676 non
1044 1627 1245 1700 composuerat

78 1692 290 1780 hymenaeum,
312 1715 396 1777 quem
417 1695 449 1757 in
472 1695 582 1792 nuptiis
603 1693 756 1774 recitaret,
778 1714 880 1758 verum
900 1695 1014 1760 initium
1036 1698 1160 1761 alicuius
1181 1716 1243 1763 cau-

78 1778 167 1842 minis
188 1777 286 1864 lepide
307 1777 534 1840 accommodavit
554 1799 580 1840 m
645 1776 720 1840 ihcis
742 1784 772 1839 et
791 1797 847 1840 con
867 1778 962 1841 uisitis
976 1780 1117 1864 ,undique
1139 1782 1242 1871 epulis
1319 1862 1320 1866 q

78 1859 126 1926 Ea
146 1878 219 1925 vero
241 1882 314 1945 quae
326 1860 499 1925 Athenaeus
520 1861 581 1949 pu
620 1908 627 1923 .
650 1881 689 1924 ex
710 1859 827 1924 Phania
848 1798 956 1925 dlresio
978 1863 1147 1952 adscripsit,
1170 1887 1243 1930 sano

79 1947 114 2011 ah
127 1944 272 2032 Cytherio
312 1954 379 2009 oeta
399 1945 431 2008 in
453 1947 587 2010 convivio
608 1945 685 2033 apud
701 1944 878 2032 Dionysium
899 1953 1057 2032 tyrannum
1078 1948 1156 2013 dicta
1176 1970 1243 2014 esse

78 2031 230 2112 videntur,
252 1967 312 2094 sed
325 2051 504 2116 nequaquam
527 2037 666 2117 arguunt,
686 2037 800 2118 poetam
822 2031 917 2095 fuisse
937 2031 1019 2095 idum
1036 2052 1120 2117 qoem
1137 2034 1240 2099 ναίοιτε

79 2114 233 2202 gelonem:
259 2115 317 2178 nisi
338 2116 416 2180 forte
436 2115 570 2187 Phanias
592 2135 705 2201 quoque
726 2115 917 2180 similitudine
937 2117 1086 2181 nominum
1107 2118 1139 2182 in
1160 2141 1242 2184 erro·

78 2221 138 2263 rem
174 2206 220 2262 est
250 2200 394 2264 inductus.
441 2199 566 2265 Minime
597 2221 671 2264 veru
701 2201 829 2264 omnium
864 2199 1038 2266 Aristotelis
1071 2203 1241 2269 auctoritate

79 2283 202 2348 debehat
229 2282 401 2348 Athenaeus
432 2284 513 2348 ahuti
538 2286 613 2372 pu
640 2283 690 2348 De
729 2283 953 2370 Ἀριστοτέλης
984 2287 1018 2349 δέ
1048 2285 1241 2373 φιλόδειπνον

77 2364 196 2443 ἁπλῶς,
224 2366 257 2443 ὃς
283 2373 332 2432 καί
359 2364 468 2452 γριλιγει
496 2394 556 2432 που
577 2375 691 2432 ταῦτα·
725 2369 983 2451 Δημηγοροῦντες
1004 2372 1036 2434 έν
1056 2381 1120 2447 τοῖς
1141 2371 1239 2454 ὄχλοιο

77 2454 312 2534 κατατρίβουσιν
329 2451 402 2536 ὅλην
422 2452 478 2535 τὴν
494 2451 612 2535 ἡμέραν
628 2455 660 2516 έν
675 2459 740 2529 τοῖς
761 2451 903 2535 θαύμασι
920 2458 972 2519 καὶ
999 2454 1068 2538 (huc
1085 2456 1239 2523 delendum
1277 2474 1282 2483 “

78 2541 197 2620 censeo)
220 2536 296 2620 πρὸς
323 2539 396 2615 τοὺς
424 2541 457 2602 έκ
478 2545 534 2603 τοῦ
558 2535 696 2612 Φάσιδος
721 2536 740 2618 ἦ
763 2539 981 2623 Βορυσθένους
1002 2542 1239 2625 καταπλέοντας,

77 2619 272 2705 ἀνεγνωκότες
301 2622 389 2687 οὐδέν
416 2621 494 2699 πλὴν
521 2625 547 2687 εἰ
573 2623 609 2686 τὸ
633 2623 796 2698 Φιλοξένου
825 2626 946 2687 δεῖπνον
973 2623 1031 2706 οὐχ
1057 2622 1137 2689 dior.
1179 2626 1239 2692 Hic

77 2704 327 2795 ipseAristotelis
348 2709 429 2773 locus
444 2709 638 2796 sahsargnit,
659 2724 733 2793 quae
754 2726 804 2773 res
815 2706 987 2774 Phiioxeno
1004 2717 1108 2797 poetae
1128 2717 1238 2777 mnan

75 2790 266 2880 ignominiam
288 2800 376 2879 atque·
395 2793 520 2858 dedecus
533 2794 713 2858 contraxerit
732 2792 922 2879 effeceritque
943 2802 974 2858 ut
995 2816 1058 2858 cum
1071 2795 1238 2863 Phiioxeno

75 2877 195 2964 gulone,
216 2878 333 2942 homine
354 2877 480 2965 ignohiii
501 2887 530 2943 et
544 2879 685 2960 obscuro,
705 2885 817 2942 temere
837 2878 1075 2944 confunderetur.
1103 2877 1237 2968 Scripse-

73 2968 119 3025 rat
146 2961 224 3026 eninr
251 2961 435 3027 Philoxenus
462 2980 580 3026 carmen
608 2961 749 3050 lyricum,
780 2963 812 3026 in
840 2981 899 3048 que
923 2963 1105 3028 lautissimas
1135 2965 1236 3052 epotas

73 3062 182 3134 magna
204 3069 266 3110 curn
289 3048 448 3112 festivitate
469 3047 641 3134 ingeniique
662 3044 795 3112 ubertate
808 3047 974 3135 descripsit,
994 3048 1027 3112 in
1042 3069 1099 3132 qua
1120 3048 1236 3133 quidem

72 3128 267 3220 descriptione
293 3131 410 3196 Siculas
438 3130 547 3220 dapes,
575 3133 679 3217 quihus
709 3125 785 3220 apud
813 3131 993 3218 Dionysium
1019 3131 1236 3218 Syracusarum

71 3219 228 3300 tyrannum
277 3217 422 3280 eriructos
449 3223 528 3299 erat,
556 3230 627 3280 ante
645 3215 745 3280 oculos
766 3216 907 3281 hahuisse
927 3216 1057 3281 utetur:
1090 3217 1148 3281 iam
1170 3230 1235 3282 cunt

70 3300 226 3388 magnifice
289 3316 325 3373 as
347 3301 511 3389 uoluptates
533 3300 710 3385 deliciasque
724 3301 958 3382 exornavisset,
987 3300 1113 3365 suhinde
1139 3302 1233 3391 ipsum

69 3383 158 3449 nimis
179 3388 209 3449 et
228 3385 306 3449 ultra
326 3386 440 3450 modum
463 3387 557 3474 epulis
579 3385 712 3450 delicatis
731 3384 904 3449 delectatum
926 3405 995 3449 esse
1015 3385 1157 3460 creditum
1178 3393 1233 3452 est

70 3464 323 3555 Cytheriiautenu,
345 3471 405 3535 dith
465 3471 595 3535 mhorum
616 3479 721 3558 poetae
742 3470 797 3534 hou
819 3468 1060 3552 suissecsnoen,
1080 3470 1140 3536 etsi
1158 3488 1234 3536 non-

68 3553 141 3618 nuli
162 3575 202 3618 ex
222 3554 372 3621 veteribus
420 3577 436 3619 e
457 3555 513 3620 hac
534 3576 571 3620 re
590 3554 770 3620 dubitavisse
791 3552 946 3636 sidentur,
972 3551 1234 3621 Platonis-comici

68 3639 233 3704 testimonio
253 3641 358 3730 prohat
378 3639 551 3705 Athenaeus
570 3638 623 3707 W.
645 3662 673 3729 p.
697 3637 762 3704 146·
778 3636 825 3703 u:
848 3635 1011 3717 Φιλόξενος
1030 3637 1059 3704 d'
1081 3635 1099 3705 ὅ
1119 3640 1233 3801 1(ng

67 3731 132 3870 ppqc'
153 3726 187 3788 έν
206 3729 250 3810 τῷ
271 3725 504 3812 ἐπιγραφομένῳ
525 3725 664 3809 Δείπνῳ,
693 3722 777 3807 editae
795 3719 908 3790 resitue
928 3727 981 3789 uui
1001 3726 1168 3811 κωμςοόιοπ

118 3803 202 3873 όταν
222 3812 258 3873 έν
275 3816 318 3897 τῷ
341 3809 446 3875 Φάωνι
468 3807 609 3890 ἐμνήσθη
636 3807 686 3873 καὶ
706 3807 753 3888 μὴ’
771 3812 829 3874 τοῦ
849 3810 1030 3876 Λευκαδίου
1053 3809 1230 3886 Φιλοξένου.

66 3884 149 3959 Male
175 3914 247 3960 vero
273 3893 446 3962 Athenaeus
474 3913 566 3984 snpra
594 3892 619 3960 h.
640 3908 669 3985 p.
690 3891 714 3959 5
732 3891 777 3958 B:
820 3894 890 3960 Τοῦ
917 3893 1085 3972 Φιλοξένου
1115 3896 1232 3968 desei

65 3978 247 4044 Λευκαδίου
264 3981 397 4045 Δείπνου
418 3977 553 4044 Πλάτων
575 3975 594 4043 ό
613 3976 844 4063 κωμῳδιοποιός
862 3979 1033 4062 μέμνηται*

417 4061 501 4146 Ἒγιό
522 4061 580 4149 γᾶρ
603 4059 711 4128 ένθοόιλΙ
736 4061 770 4127 έν
789 4062 927 4152 τῇρημίᾳ

152 4149 248 4211 Τουτὶ
270 4148 401 4212 διελθεῖν
420 4146 578 4230 βούλομαι
598 4147 632 4212 τό
653 4145 776 4228 βιβλίον
987 4205 989 4210 .

147 4231 238 4318 Πρός
251 4230 401 4312 ‚ipius-cdo.
443 4233 484 4298 B.
500 4230 592 4298 Ἐστι
615 4231 646 4297 d’
670 4231 823 4314 εἲντιβολεῧ
843 4246 883 4297 σε·
898 4235 999 4298 τοῦτο*
1011 4231 1054 4312 τίς

147 4314 192 4382 A.
217 4317 383 4393 Φιλοξένου
397 4316 492 4402 καινή
512 4336 559 4394 τις
580 4317 773 4401 ὀψαρτυσία
858 4355 860 4362 ·

858 4414 859 4417 ’
960 4411 1028 4482 tt·
