<?xml version="1.0" encoding="UTF-8"?>
<!DOCTYPE html PUBLIC "-//W3C//DTD XHTML 1.0 Transitional//EN"
    "http://www.w3.org/TR/xhtml1/DTD/xhtml1-transitional.dtd">
<html xmlns="http://www.w3.org/1999/xhtml" xml:lang="en" lang="en">
 <head>
  <title>
</title>
<meta http-equiv="Content-Type" content="text/html;charset=utf-8" />
  <meta name='ocr-system' content='tesseract 3.04.00' />
  <meta name='ocr-capabilities' content='ocr_page ocr_carea ocr_par ocr_line ocrx_word'/>
</head>
<body>
  <div class='ocr_page' id='page_1' title='image "./commentationumd00berggoog_0086.png"; bbox 0 0 2760 4792; ppageno 0'>
   <div class='ocr_carea' id='block_1_1' title="bbox 138 192 928 267">
    <p class='ocr_par' dir='ltr' id='par_1_1' title="bbox 138 192 928 267">
     <span class='ocr_line' id='line_1_1' title="bbox 138 192 928 267; baseline -0.004 -2"><span class='ocrx_word' id='word_1_1' title='bbox 138 193 183 265; x_wconf 70' lang='lat'><strong><em>42</em></strong></span> <span class='ocrx_word' id='word_1_2' title='bbox 489 211 492 215; x_wconf 89' lang='grc'>’</span> <span class='ocrx_word' id='word_1_3' title='bbox 524 192 928 267; x_wconf 66' lang='lat' dir='ltr'>commutatores</span> 
     </span>
    </p>
   </div>
   <div class='ocr_carea' id='block_1_2' title="bbox 94 356 1363 4018">
    <p class='ocr_par' dir='ltr' id='par_1_2' title="bbox 222 356 942 475">
     <span class='ocr_line' id='line_1_2' title="bbox 222 356 942 475; baseline 0.006 -48"><span class='ocrx_word' id='word_1_4' title='bbox 222 356 391 448; x_wconf 80' lang='grc' dir='ltr'><strong><em>Είρεσιολνη</em></strong></span> <span class='ocrx_word' id='word_1_5' title='bbox 410 366 492 431; x_wconf 91' lang='grc' dir='ltr'><strong><em>σῦκα</em></strong></span> <span class='ocrx_word' id='word_1_6' title='bbox 511 361 597 475; x_wconf 80' lang='grc' dir='ltr'><strong><em>ρέρει</em></strong></span> <span class='ocrx_word' id='word_1_7' title='bbox 617 364 670 428; x_wconf 84' lang='grc' dir='ltr'><strong><em>καλ</em></strong></span> <span class='ocrx_word' id='word_1_8' title='bbox 690 363 799 442; x_wconf 88' lang='grc' dir='ltr'><strong><em>πίονας</em></strong></span> <span class='ocrx_word' id='word_1_9' title='bbox 818 361 942 452; x_wconf 86' lang='grc' dir='ltr'><strong><em>δι’ρτους,</em></strong></span> 
     </span>
    </p>

    <p class='ocr_par' dir='ltr' id='par_1_3' title="bbox 222 446 1018 535">
     <span class='ocr_line' id='line_1_3' title="bbox 222 446 1018 535; baseline 0.001 -22"><span class='ocrx_word' id='word_1_10' title='bbox 222 449 289 513; x_wconf 81' lang='grc' dir='ltr'><strong><em>Καὶ</em></strong></span> <span class='ocrx_word' id='word_1_11' title='bbox 309 447 379 530; x_wconf 91' lang='grc' dir='ltr'><strong><em>μέλι</em></strong></span> <span class='ocrx_word' id='word_1_12' title='bbox 399 449 433 513; x_wconf 84' lang='grc' dir='ltr'><strong><em>έν</em></strong></span> <span class='ocrx_word' id='word_1_13' title='bbox 452 454 566 535; x_wconf 82' lang='grc' dir='ltr'><strong><em>κοτυλῃ</em></strong></span> <span class='ocrx_word' id='word_1_14' title='bbox 586 451 639 514; x_wconf 80' lang='grc' dir='ltr'><strong><em>καλ</em></strong></span> <span class='ocrx_word' id='word_1_15' title='bbox 658 447 761 514; x_wconf 77' lang='grc' dir='ltr'><strong><em>ἔλαιον</em></strong></span> <span class='ocrx_word' id='word_1_16' title='bbox 781 446 1018 534; x_wconf 82' lang='grc' dir='ltr'><strong><em>ῦναιμήσασθαι,</em></strong></span> 
     </span>
    </p>

    <p class='ocr_par' dir='ltr' id='par_1_4' title="bbox 94 527 1363 4018">
     <span class='ocr_line' id='line_1_4' title="bbox 224 527 1363 620; baseline -0.001 -19"><span class='ocrx_word' id='word_1_17' title='bbox 224 535 290 601; x_wconf 81' lang='lat' dir='ltr'>Kar</span> <span class='ocrx_word' id='word_1_18' title='bbox 311 528 410 597; x_wconf 72' lang='grc' dir='ltr'><strong><em>κύλικ’</em></strong></span> <span class='ocrx_word' id='word_1_19' title='bbox 433 527 581 620; x_wconf 84' lang='grc' dir='ltr'><strong><em>εῦζῶρου,</em></strong></span> <span class='ocrx_word' id='word_1_20' title='bbox 613 532 655 610; x_wconf 85' lang='grc' dir='ltr'><strong><em>ῶς</em></strong></span> <span class='ocrx_word' id='word_1_21' title='bbox 673 531 714 599; x_wconf 74' lang='lat' dir='ltr'><strong><em>th</em></strong></span> <span class='ocrx_word' id='word_1_22' title='bbox 733 530 897 616; x_wconf 84' lang='grc' dir='ltr'><strong><em>μεθῦουσα</em></strong></span> <span class='ocrx_word' id='word_1_23' title='bbox 918 531 1083 620; x_wconf 87' lang='grc' dir='ltr'><strong><em>καθεῦδης.</em></strong></span> <span class='ocrx_word' id='word_1_24' title='bbox 1126 603 1129 607; x_wconf 66' lang='grc'><strong><em>,</em></strong></span> <span class='ocrx_word' id='word_1_25' title='bbox 1269 586 1284 607; x_wconf 60' lang='grc'><strong><em>,,</em></strong></span> <span class='ocrx_word' id='word_1_26' title='bbox 1360 595 1363 600; x_wconf 89' lang='grc'>.</span> 
     </span>
     <span class='ocr_line' id='line_1_5' title="bbox 137 617 1310 709; baseline -0.001 -25"><span class='ocrx_word' id='word_1_27' title='bbox 137 617 201 686; x_wconf 90' lang='lat' dir='ltr'>lam</span> <span class='ocrx_word' id='word_1_28' title='bbox 227 639 300 682; x_wconf 86' lang='lat' dir='ltr'>vero</span> <span class='ocrx_word' id='word_1_29' title='bbox 327 624 359 681; x_wconf 93' lang='lat' dir='ltr'><strong><em>ut</em></strong></span> <span class='ocrx_word' id='word_1_30' title='bbox 384 618 441 683; x_wconf 87' lang='lat' dir='ltr'>hac</span> <span class='ocrx_word' id='word_1_31' title='bbox 467 641 501 684; x_wconf 89' lang='lat' dir='ltr'><strong><em>re</em></strong></span> <span class='ocrx_word' id='word_1_32' title='bbox 528 618 656 687; x_wconf 82' lang='lat' dir='ltr'><strong>maxime</strong></span> <span class='ocrx_word' id='word_1_33' title='bbox 686 618 837 708; x_wconf 82' lang='lat' dir='ltr'>Apollinis</span> <span class='ocrx_word' id='word_1_34' title='bbox 864 620 972 709; x_wconf 79' lang='lat' dir='ltr'>religio</span> <span class='ocrx_word' id='word_1_35' title='bbox 999 620 1077 708; x_wconf 84' lang='lat' dir='ltr'>apud</span> <span class='ocrx_word' id='word_1_36' title='bbox 1103 617 1310 685; x_wconf 74' lang='lat' dir='ltr'>Athenienses</span> 
     </span>
     <span class='ocr_line' id='line_1_6' title="bbox 138 703 1309 806; baseline 0.001 -38"><span class='ocrx_word' id='word_1_37' title='bbox 138 710 186 768; x_wconf 88' lang='lat' dir='ltr'><strong><em>est</em></strong></span> <span class='ocrx_word' id='word_1_38' title='bbox 216 703 396 784; x_wconf 84' lang='lat' dir='ltr'>instaurata,</span> <span class='ocrx_word' id='word_1_39' title='bbox 427 703 471 767; x_wconf 88' lang='lat' dir='ltr'>ita</span> <span class='ocrx_word' id='word_1_40' title='bbox 502 705 590 771; x_wconf 88' lang='lat' dir='ltr'>etiam</span> <span class='ocrx_word' id='word_1_41' title='bbox 616 708 757 771; x_wconf 86' lang='lat' dir='ltr'>memoria</span> <span class='ocrx_word' id='word_1_42' title='bbox 781 705 964 787; x_wconf 85' lang='lat' dir='ltr'>fabularum,</span> <span class='ocrx_word' id='word_1_43' title='bbox 1001 725 1076 790; x_wconf 79' lang='lat' dir='ltr'>quae</span> <span class='ocrx_word' id='word_1_44' title='bbox 1101 704 1139 769; x_wconf 85' lang='lat' dir='ltr'><strong><em>de</em></strong></span> <span class='ocrx_word' id='word_1_45' title='bbox 1164 703 1309 806; x_wconf 78' lang='lat' dir='ltr'><strong>Apolline</strong></span> 
     </span>
     <span class='ocr_line' id='line_1_7' title="bbox 138 786 1309 880; baseline 0 -27"><span class='ocrx_word' id='word_1_46' title='bbox 138 788 326 868; x_wconf 85' lang='lat' dir='ltr'>ferebantur,</span> <span class='ocrx_word' id='word_1_47' title='bbox 364 787 421 851; x_wconf 83' lang='lat' dir='ltr'>fnit</span> <span class='ocrx_word' id='word_1_48' title='bbox 451 797 603 855; x_wconf 78' lang='lat' dir='ltr'>renovata.</span> <span class='ocrx_word' id='word_1_49' title='bbox 651 789 721 855; x_wconf 88' lang='lat' dir='ltr'>lluo</span> <span class='ocrx_word' id='word_1_50' title='bbox 751 791 878 857; x_wconf 83' lang='lat' dir='ltr'>maxime</span> <span class='ocrx_word' id='word_1_51' title='bbox 910 791 1039 880; x_wconf 79' lang='lat' dir='ltr'>pertinet</span> <span class='ocrx_word' id='word_1_52' title='bbox 1069 789 1170 855; x_wconf 85' lang='lat' dir='ltr'>lahula</span> <span class='ocrx_word' id='word_1_53' title='bbox 1195 789 1249 853; x_wconf 83' lang='lat' dir='ltr'>ulla</span> <span class='ocrx_word' id='word_1_54' title='bbox 1269 786 1309 853; x_wconf 80' lang='lat' dir='ltr'><strong><em>tle</em></strong></span> 
     </span>
     <span class='ocr_line' id='line_1_8' title="bbox 137 870 1309 962; baseline 0.006 -26"><span class='ocrx_word' id='word_1_55' title='bbox 137 870 283 953; x_wconf 88' lang='lat' dir='ltr'>Aharide‚</span> <span class='ocrx_word' id='word_1_56' title='bbox 304 871 353 956; x_wconf 88' lang='lat' dir='ltr'><strong><em>qui</em></strong></span> <span class='ocrx_word' id='word_1_57' title='bbox 374 893 439 938; x_wconf 89' lang='lat' dir='ltr'><strong><em>cum</em></strong></span> <span class='ocrx_word' id='word_1_58' title='bbox 460 875 565 943; x_wconf 83' lang='lat' dir='ltr'>similis</span> <span class='ocrx_word' id='word_1_59' title='bbox 587 874 737 941; x_wconf 78' lang='lat' dir='ltr'>calamitas</span> <span class='ocrx_word' id='word_1_60' title='bbox 751 874 906 941; x_wconf 79' lang='lat' dir='ltr'><strong>Graeciam</strong></span> <span class='ocrx_word' id='word_1_61' title='bbox 926 875 1087 940; x_wconf 85' lang='lat' dir='ltr'>invasisset</span> <span class='ocrx_word' id='word_1_62' title='bbox 1106 882 1137 938; x_wconf 86' lang='lat' dir='ltr'><strong><em>et</em></strong></span> <span class='ocrx_word' id='word_1_63' title='bbox 1155 871 1309 962; x_wconf 71' lang='lat' dir='ltr'>Apollinis</span> 
     </span>
     <span class='ocr_line' id='line_1_9' title="bbox 137 955 1310 1044; baseline 0.003 -22"><span class='ocrx_word' id='word_1_64' title='bbox 137 957 222 1023; x_wconf 86' lang='lat' dir='ltr'>iussu</span> <span class='ocrx_word' id='word_1_65' title='bbox 240 955 476 1033; x_wconf 80' lang='lat' dir='ltr'>Atheniensibus</span> <span class='ocrx_word' id='word_1_66' title='bbox 497 961 567 1026; x_wconf 88' lang='lat' dir='ltr'>mali</span> <span class='ocrx_word' id='word_1_67' title='bbox 587 960 706 1027; x_wconf 89' lang='lat' dir='ltr'>levandi</span> <span class='ocrx_word' id='word_1_68' title='bbox 726 961 856 1027; x_wconf 87' lang='lat' dir='ltr'>officium</span> <span class='ocrx_word' id='word_1_69' title='bbox 878 967 959 1026; x_wconf 84' lang='lat' dir='ltr'>esset</span> <span class='ocrx_word' id='word_1_70' title='bbox 979 960 1157 1040; x_wconf 87' lang='lat' dir='ltr'>mandatum,</span> <span class='ocrx_word' id='word_1_71' title='bbox 1178 979 1218 1025; x_wconf 83' lang='lat' dir='ltr'><strong><em>ex</em></strong></span> <span class='ocrx_word' id='word_1_72' title='bbox 1239 956 1310 1044; x_wconf 81' lang='lat' dir='ltr'>lly-</span> 
     </span>
     <span class='ocr_line' id='line_1_10' title="bbox 158 1042 1334 1143; baseline 0.003 -37"><span class='ocrx_word' id='word_1_73' title='bbox 158 1042 291 1107; x_wconf 89' lang='lat' dir='ltr'>erhorois</span> <span class='ocrx_word' id='word_1_74' title='bbox 303 1043 451 1143; x_wconf 85' lang='lat' dir='ltr'>profectus</span> <span class='ocrx_word' id='word_1_75' title='bbox 471 1067 539 1109; x_wconf 88' lang='lat' dir='ltr'>esse</span> <span class='ocrx_word' id='word_1_76' title='bbox 555 1044 721 1127; x_wconf 81' lang='lat' dir='ltr'>dicebatur,</span> <span class='ocrx_word' id='word_1_77' title='bbox 744 1052 775 1110; x_wconf 94' lang='lat' dir='ltr'><strong><em>ut</em></strong></span> <span class='ocrx_word' id='word_1_78' title='bbox 786 1045 971 1133; x_wconf 88' lang='lat' dir='ltr'>pestilentiae</span> <span class='ocrx_word' id='word_1_79' title='bbox 989 1046 1051 1110; x_wconf 87' lang='lat' dir='ltr'>illio</span> <span class='ocrx_word' id='word_1_80' title='bbox 1068 1044 1157 1109; x_wconf 89' lang='lat' dir='ltr'><strong><em>finem</em></strong></span> <span class='ocrx_word' id='word_1_81' title='bbox 1185 1044 1310 1109; x_wconf 83' lang='lat' dir='ltr'>faceret.</span> <span class='ocrx_word' id='word_1_82' title='bbox 1331 1112 1334 1117; x_wconf 71' lang='grc'><strong><em>,</em></strong></span> 
     </span>
     <span class='ocr_line' id='line_1_11' title="bbox 136 1062 1316 1216; baseline 0.001 -24"><span class='ocrx_word' id='word_1_83' title='bbox 136 1062 335 1216; x_wconf 77' lang='lat' dir='ltr'>llarpocratro</span> <span class='ocrx_word' id='word_1_84' title='bbox 355 1149 384 1215; x_wconf 88' lang='lat' dir='ltr'><strong><em>p.</em></strong></span> <span class='ocrx_word' id='word_1_85' title='bbox 412 1128 451 1192; x_wconf 84' lang='lat'><strong><em>1:</em></strong></span> <span class='ocrx_word' id='word_1_86' title='bbox 488 1127 631 1213; x_wconf 68' lang='grc' dir='ltr'><strong><em>Ἄβαρις·</em></strong></span> <span class='ocrx_word' id='word_1_87' title='bbox 653 1126 774 1214; x_wconf 75' lang='grc' dir='ltr'><strong><em>κάρυον·</em></strong></span> <span class='ocrx_word' id='word_1_88' title='bbox 797 1135 907 1210; x_wconf 79' lang='grc' dir='ltr'><strong><em>λοιμοῦ</em></strong></span> <span class='ocrx_word' id='word_1_89' title='bbox 929 1130 966 1194; x_wconf 87' lang='grc' dir='ltr'><strong><em>δέ</em></strong></span> <span class='ocrx_word' id='word_1_90' title='bbox 986 1154 1081 1216; x_wconf 82' lang='grc' dir='ltr'><strong><em>φασιν</em></strong></span> <span class='ocrx_word' id='word_1_91' title='bbox 1102 1126 1181 1193; x_wconf 84' lang='grc' dir='ltr'><strong><em>κατά</em></strong></span> <span class='ocrx_word' id='word_1_92' title='bbox 1204 1132 1316 1193; x_wconf 83' lang='grc' dir='ltr'><strong><em>πᾶσαν·</em></strong></span> 
     </span>
     <span class='ocr_line' id='line_1_12' title="bbox 136 1210 1311 1384; baseline 0 -22"><span class='ocrx_word' id='word_1_93' title='bbox 136 1210 1311 1384; x_wconf 58' lang='grc' dir='ltr'><strong><em>ν,ανοωωμνωομένης,καμμονίην,</em></strong></span> 
     </span>
     <span class='ocr_line' id='line_1_13' title="bbox 136 1377 1310 1468; baseline 0.004 -24"><span class='ocrx_word' id='word_1_94' title='bbox 136 1377 346 1465; x_wconf 71' lang='grc' dir='ltr'><strong><em>ποιήσασθαι·</em></strong></span> <span class='ocrx_word' id='word_1_95' title='bbox 388 1383 637 1467; x_wconf 71' lang='grc' dir='ltr'><strong><em>πρεσβευομένων</em></strong></span> <span class='ocrx_word' id='word_1_96' title='bbox 663 1385 698 1449; x_wconf 76' lang='grc' dir='ltr'><strong><em>δὲ</em></strong></span> <span class='ocrx_word' id='word_1_97' title='bbox 729 1390 850 1451; x_wconf 81' lang='grc' dir='ltr'><strong><em>πολλῶν</em></strong></span> <span class='ocrx_word' id='word_1_98' title='bbox 881 1385 982 1449; x_wconf 84' lang='grc' dir='ltr'><strong><em>έθνῶν</em></strong></span> <span class='ocrx_word' id='word_1_99' title='bbox 1013 1382 1091 1468; x_wconf 85' lang='grc' dir='ltr'><strong><em>πρὸς</em></strong></span> <span class='ocrx_word' id='word_1_100' title='bbox 1116 1381 1230 1459; x_wconf 87' lang='grc' dir='ltr'><strong><em>αῦτοδς</em></strong></span> <span class='ocrx_word' id='word_1_101' title='bbox 1254 1383 1310 1449; x_wconf 79' lang='grc' dir='ltr'><strong><em>καί</em></strong></span> 
     </span>
     <span class='ocr_line' id='line_1_14' title="bbox 129 1461 1322 1554; baseline -0.001 -20"><span class='ocrx_word' id='word_1_102' title='bbox 129 1461 210 1547; x_wconf 79' lang='grc' dir='ltr'><strong><em>’Άβα</em></strong></span> <span class='ocrx_word' id='word_1_103' title='bbox 232 1491 260 1530; x_wconf 90' lang='grc' dir='ltr'><strong><em>ιν</em></strong></span> <span class='ocrx_word' id='word_1_104' title='bbox 280 1467 313 1542; x_wconf 77' lang='grc' dir='ltr'><strong><em>ἐξ</em></strong></span> <span class='ocrx_word' id='word_1_105' title='bbox 327 1462 541 1552; x_wconf 75' lang='grc' dir='ltr'><strong><em>Ὑπερβορέων</em></strong></span> <span class='ocrx_word' id='word_1_106' title='bbox 561 1469 748 1553; x_wconf 76' lang='grc' dir='ltr'><strong><em>πρεσβευτὴν</em></strong></span> <span class='ocrx_word' id='word_1_107' title='bbox 767 1468 936 1554; x_wconf 77' lang='grc' dir='ltr'><strong><em>ἀφικέσθαι</em></strong></span> <span class='ocrx_word' id='word_1_108' title='bbox 957 1466 1110 1554; x_wconf 76' lang='grc' dir='ltr'><strong><em>λέγουσιν·</em></strong></span> <span class='ocrx_word' id='word_1_109' title='bbox 1144 1463 1213 1532; x_wconf 66' lang='lat' dir='ltr'><strong><em>tre*</em></strong></span> <span class='ocrx_word' id='word_1_110' title='bbox 1230 1463 1322 1550; x_wconf 79' lang='grc' dir='ltr'><strong><em>χρά-·</em></strong></span> 
     </span>
     <span class='ocr_line' id='line_1_15' title="bbox 137 1492 1311 1640; baseline 0 -25"><span class='ocrx_word' id='word_1_111' title='bbox 137 1575 191 1627; x_wconf 87' lang='grc' dir='ltr'><strong><em>νος</em></strong></span> <span class='ocrx_word' id='word_1_112' title='bbox 211 1492 243 1614; x_wconf 70' lang='grc' dir='ltr'><strong><em>έν</em></strong></span> <span class='ocrx_word' id='word_1_113' title='bbox 263 1539 289 1639; x_wconf 75' lang='grc' dir='ltr'><em>ᾧ</em></span> <span class='ocrx_word' id='word_1_114' title='bbox 310 1553 495 1636; x_wconf 79' lang='grc' dir='ltr'><strong><em>παραγέγονε</em></strong></span> <span class='ocrx_word' id='word_1_115' title='bbox 517 1555 724 1640; x_wconf 83' lang='grc' dir='ltr'><strong><em>διαφωνεῖται.</em></strong></span> <span class='ocrx_word' id='word_1_116' title='bbox 762 1550 985 1639; x_wconf 85' lang='grc' dir='ltr'><strong><em>Ἶππάστρατος</em></strong></span> <span class='ocrx_word' id='word_1_117' title='bbox 999 1553 1056 1632; x_wconf 79' lang='grc' dir='ltr'><strong><em>μέν</em></strong></span> <span class='ocrx_word' id='word_1_118' title='bbox 1070 1551 1129 1637; x_wconf 76' lang='grc' dir='ltr'><strong><em>γάρ</em></strong></span> <span class='ocrx_word' id='word_1_119' title='bbox 1151 1551 1231 1616; x_wconf 85' lang='grc' dir='ltr'><strong><em>κατὰ</em></strong></span> <span class='ocrx_word' id='word_1_120' title='bbox 1250 1550 1311 1635; x_wconf 79' lang='grc' dir='ltr'><strong><em>τὴν</em></strong></span> 
     </span>
     <span class='ocr_line' id='line_1_16' title="bbox 136 1633 1310 1723; baseline 0.001 -23"><span class='ocrx_word' id='word_1_121' title='bbox 136 1636 243 1717; x_wconf 79' lang='grc' dir='ltr'><strong><em>τρίτην</em></strong></span> <span class='ocrx_word' id='word_1_122' title='bbox 264 1633 358 1701; x_wconf 77' lang='grc' dir='ltr'><strong><em>αὐτὸν</em></strong></span> <span class='ocrx_word' id='word_1_123' title='bbox 375 1634 570 1718; x_wconf 79' lang='grc' dir='ltr'><strong><em>Ὀλυμπιάδα</em></strong></span> <span class='ocrx_word' id='word_1_124' title='bbox 590 1638 667 1723; x_wconf 79' lang='grc' dir='ltr'><strong><em>λέγει</em></strong></span> <span class='ocrx_word' id='word_1_125' title='bbox 689 1639 933 1723; x_wconf 72' lang='grc' dir='ltr'><strong><em>παραγενέσθαι,</em></strong></span> <span class='ocrx_word' id='word_1_126' title='bbox 955 1634 972 1702; x_wconf 81' lang='grc' dir='ltr'><strong>ὃ</strong></span> <span class='ocrx_word' id='word_1_127' title='bbox 994 1638 1027 1706; x_wconf 77' lang='grc' dir='ltr'><strong><em>δέ</em></strong></span> <span class='ocrx_word' id='word_1_128' title='bbox 1046 1638 1206 1721; x_wconf 86' lang='grc' dir='ltr'><strong><em>Πίνδαρος</em></strong></span> <span class='ocrx_word' id='word_1_129' title='bbox 1227 1634 1310 1701; x_wconf 72' lang='grc' dir='ltr'><strong><em>κατὰ</em></strong></span> 
     </span>
     <span class='ocr_line' id='line_1_17' title="bbox 138 1719 1311 1806; baseline 0.002 -21"><span class='ocrx_word' id='word_1_130' title='bbox 138 1723 278 1806; x_wconf 83' lang='grc' dir='ltr'><strong><em>Κροῖσον</em></strong></span> <span class='ocrx_word' id='word_1_131' title='bbox 306 1719 362 1785; x_wconf 84' lang='grc' dir='ltr'><strong><em>τὸν</em></strong></span> <span class='ocrx_word' id='word_1_132' title='bbox 385 1723 507 1788; x_wconf 88' lang='grc' dir='ltr'><strong><em>Λυδῶν</em></strong></span> <span class='ocrx_word' id='word_1_133' title='bbox 537 1724 683 1805; x_wconf 79' lang='grc' dir='ltr'><strong><em>βασιλέα,</em></strong></span> <span class='ocrx_word' id='word_1_134' title='bbox 727 1724 814 1789; x_wconf 85' lang='grc' dir='ltr'><strong><em>άλλοι</em></strong></span> <span class='ocrx_word' id='word_1_135' title='bbox 842 1724 876 1789; x_wconf 78' lang='grc' dir='ltr'><strong><em>δέ</em></strong></span> <span class='ocrx_word' id='word_1_136' title='bbox 902 1723 980 1787; x_wconf 85' lang='grc' dir='ltr'><strong><em>κατά</em></strong></span> <span class='ocrx_word' id='word_1_137' title='bbox 1010 1720 1066 1805; x_wconf 82' lang='grc' dir='ltr'><strong><em>τὴν</em></strong></span> <span class='ocrx_word' id='word_1_138' title='bbox 1092 1720 1229 1804; x_wconf 79' lang='grc' dir='ltr'><strong><em>είκοστὴν</em></strong></span> <span class='ocrx_word' id='word_1_139' title='bbox 1254 1722 1311 1787; x_wconf 82' lang='grc' dir='ltr'><strong><em>καί</em></strong></span> 
     </span>
     <span class='ocr_line' id='line_1_18' title="bbox 137 1802 1309 1896; baseline 0.003 -27"><span class='ocrx_word' id='word_1_140' title='bbox 137 1802 263 1888; x_wconf 79' lang='grc' dir='ltr'><strong><em>πρώτην</em></strong></span> <span class='ocrx_word' id='word_1_141' title='bbox 287 1805 494 1888; x_wconf 78' lang='grc' dir='ltr'><strong><em>Ὀλυμπιάδα.</em></strong></span> <span class='ocrx_word' id='word_1_142' title='bbox 546 1808 635 1875; x_wconf 85' lang='lat' dir='ltr'>Adde</span> <span class='ocrx_word' id='word_1_143' title='bbox 667 1808 825 1876; x_wconf 69' lang='lat' dir='ltr'>Schollaat.</span> <span class='ocrx_word' id='word_1_144' title='bbox 858 1808 1012 1896; x_wconf 78' lang='lat' dir='ltr'>Aristoph.</span> <span class='ocrx_word' id='word_1_145' title='bbox 1044 1807 1142 1892; x_wconf 86' lang='lat' dir='ltr'>Equit.</span> <span class='ocrx_word' id='word_1_146' title='bbox 1167 1828 1198 1874; x_wconf 85' lang='lat' dir='ltr'><strong><em>v.</em></strong></span> <span class='ocrx_word' id='word_1_147' title='bbox 1227 1808 1309 1875; x_wconf 73' lang='lat'><strong>726:</strong></span> 
     </span>
     <span class='ocr_line' id='line_1_19' title="bbox 143 1887 1310 1999; baseline -0.001 -43"><span class='ocrx_word' id='word_1_148' title='bbox 143 1890 182 1956; x_wconf 86' lang='lat' dir='ltr'><strong><em>Oi</em></strong></span> <span class='ocrx_word' id='word_1_149' title='bbox 207 1892 263 1973; x_wconf 75' lang='grc' dir='ltr'><strong><em>μὲν</em></strong></span> <span class='ocrx_word' id='word_1_150' title='bbox 288 1887 347 1976; x_wconf 76' lang='grc' dir='ltr'><strong><em>γάρ</em></strong></span> <span class='ocrx_word' id='word_1_151' title='bbox 374 1917 471 1979; x_wconf 83' lang='grc' dir='ltr'><strong><em>φασιν</em></strong></span> <span class='ocrx_word' id='word_1_152' title='bbox 499 1889 545 1959; x_wconf 81' lang='grc' dir='ltr'><strong><em>ὅτι</em></strong></span> <span class='ocrx_word' id='word_1_153' title='bbox 558 1899 680 1976; x_wconf 81' lang='grc' dir='ltr'><strong><em>λιμοῦ,</em></strong></span> <span class='ocrx_word' id='word_1_154' title='bbox 725 1896 754 1961; x_wconf 80' lang='lat' dir='ltr'><strong><em>ol</em></strong></span> <span class='ocrx_word' id='word_1_155' title='bbox 781 1894 815 1960; x_wconf 83' lang='grc' dir='ltr'><strong><em>δέ</em></strong></span> <span class='ocrx_word' id='word_1_156' title='bbox 841 1890 888 1958; x_wconf 86' lang='grc' dir='ltr'><strong><em>ῦτι</em></strong></span> <span class='ocrx_word' id='word_1_157' title='bbox 914 1896 965 1958; x_wconf 78' lang='grc' dir='ltr'><strong><em>καὶ</em></strong></span> <span class='ocrx_word' id='word_1_158' title='bbox 992 1897 1100 1973; x_wconf 90' lang='grc' dir='ltr'><strong><em>λοιμοῦ</em></strong></span> <span class='ocrx_word' id='word_1_159' title='bbox 1127 1890 1183 1999; x_wconf 72' lang='grc' dir='ltr'><strong><em>την</em></strong></span> <span class='ocrx_word' id='word_1_160' title='bbox 1204 1894 1310 1957; x_wconf 84' lang='grc' dir='ltr'><strong><em>πάσαν</em></strong></span> 
     </span>
     <span class='ocr_line' id='line_1_20' title="bbox 118 1972 1309 2084; baseline 0.003 -47"><span class='ocrx_word' id='word_1_161' title='bbox 118 1972 345 2059; x_wconf 83' lang='grc' dir='ltr'><strong><em>,κατασχόντος</em></strong></span> <span class='ocrx_word' id='word_1_162' title='bbox 371 1976 564 2060; x_wconf 73' lang='grc' dir='ltr'><strong><em>οἰκουμένην,</em></strong></span> <span class='ocrx_word' id='word_1_163' title='bbox 596 1978 763 2084; x_wconf 80' lang='grc' dir='ltr'><strong><em>χρωμένων</em></strong></span> <span class='ocrx_word' id='word_1_164' title='bbox 787 1979 856 2042; x_wconf 86' lang='grc' dir='ltr'><strong><em>τίνα</em></strong></span> <span class='ocrx_word' id='word_1_165' title='bbox 887 1975 925 2041; x_wconf 69' lang='lat' dir='ltr'><strong><em>hv</em></strong></span> <span class='ocrx_word' id='word_1_166' title='bbox 954 1975 1069 2062; x_wconf 81' lang='grc' dir='ltr'><strong><em>τρόπον</em></strong></span> <span class='ocrx_word' id='word_1_167' title='bbox 1096 2000 1249 2041; x_wconf 89' lang='grc' dir='ltr'><strong><em>παυσαιτο</em></strong></span> <span class='ocrx_word' id='word_1_168' title='bbox 1271 1974 1309 2043; x_wconf 85' lang='grc' dir='ltr'><strong><em>τδ</em></strong></span> 
     </span>
     <span class='ocr_line' id='line_1_21' title="bbox 138 2055 1310 2171; baseline 0.001 -47"><span class='ocrx_word' id='word_1_169' title='bbox 138 2057 260 2170; x_wconf 71' lang='grc' dir='ltr'><strong><em>δειράν,ι</em></strong></span> <span class='ocrx_word' id='word_1_170' title='bbox 292 2060 349 2168; x_wconf 63' lang='lat' dir='ltr'><strong><em>pipo</em></strong></span> <span class='ocrx_word' id='word_1_171' title='bbox 375 2060 462 2171; x_wconf 75' lang='grc' dir='ltr'><strong><em>λάρον</em></strong></span> <span class='ocrx_word' id='word_1_172' title='bbox 486 2057 602 2144; x_wconf 76' lang='grc' dir='ltr'><strong><em>ταύτην</em></strong></span> <span class='ocrx_word' id='word_1_173' title='bbox 623 2060 788 2169; x_wconf 43' lang='grc' dir='ltr'><strong><em>οΙΠῦθιος</em></strong></span> <span class='ocrx_word' id='word_1_174' title='bbox 808 2058 1031 2170; x_wconf 62' lang='grc' dir='ltr'><strong><em>έμαρσεάσατρ,</em></strong></span> <span class='ocrx_word' id='word_1_175' title='bbox 1075 2063 1102 2127; x_wconf 79' lang='grc' dir='ltr'><strong><em>εί</em></strong></span> <span class='ocrx_word' id='word_1_176' title='bbox 1121 2055 1310 2170; x_wconf 68' lang='grc' dir='ltr'><strong><em>προηράσων</em></strong></span> 
     </span>
     <span class='ocr_line' id='line_1_22' title="bbox 138 2146 1311 2317; baseline 0.002 -22"><span class='ocrx_word' id='word_1_177' title='bbox 138 2148 1031 2317; x_wconf 55' lang='lat' dir='ltr'><strong><em>tl‘tt‘ltlltatlltlttll?lalttlllptt</em></strong></span> <span class='ocrx_word' id='word_1_178' title='bbox 1056 2146 1311 2312; x_wconf 59' lang='lat' dir='ltr'><strong><em>tlltltltl&#39;t</em></strong></span> 
     </span>
     <span class='ocr_line' id='line_1_23' title="bbox 138 2312 1310 2401; baseline -0.001 -22"><span class='ocrx_word' id='word_1_179' title='bbox 138 2324 203 2392; x_wconf 82' lang='grc' dir='ltr'><strong><em>τοῖς</em></strong></span> <span class='ocrx_word' id='word_1_180' title='bbox 236 2313 414 2396; x_wconf 81' lang='grc' dir='ltr'><strong><em>Ἀθηναίοις</em></strong></span> <span class='ocrx_word' id='word_1_181' title='bbox 443 2315 609 2397; x_wconf 74' lang='grc' dir='ltr'><strong><em>ἐξέπεμπον</em></strong></span> <span class='ocrx_word' id='word_1_182' title='bbox 640 2322 703 2382; x_wconf 87' lang='grc' dir='ltr'><strong><em>τῶν</em></strong></span> <span class='ocrx_word' id='word_1_183' title='bbox 731 2323 858 2401; x_wconf 84' lang='grc' dir='ltr'><strong><em>καρπῶν</em></strong></span> <span class='ocrx_word' id='word_1_184' title='bbox 894 2312 1038 2381; x_wconf 80' lang='grc' dir='ltr'><strong><em>ἁπάντων</em></strong></span> <span class='ocrx_word' id='word_1_185' title='bbox 1068 2314 1126 2391; x_wconf 84' lang='grc' dir='ltr'><strong><em>τάς</em></strong></span> <span class='ocrx_word' id='word_1_186' title='bbox 1155 2313 1310 2400; x_wconf 74' lang='grc' dir='ltr'><strong><em>ἀπαρχάς·</em></strong></span> 
     </span>
     <span class='ocr_line' id='line_1_24' title="bbox 139 2396 1311 2549; baseline 0.003 -87"><span class='ocrx_word' id='word_1_187' title='bbox 139 2396 188 2463; x_wconf 85' lang='grc' dir='ltr'><strong><em>ῦτε</em></strong></span> <span class='ocrx_word' id='word_1_188' title='bbox 210 2398 250 2481; x_wconf 82' lang='grc' dir='ltr'><strong><em>δὴ</em></strong></span> <span class='ocrx_word' id='word_1_189' title='bbox 275 2401 326 2464; x_wconf 81' lang='grc' dir='ltr'><strong><em>καὶ</em></strong></span> <span class='ocrx_word' id='word_1_190' title='bbox 347 2398 476 2486; x_wconf 84' lang='grc' dir='ltr'><strong><em>’Άβαρίν</em></strong></span> <span class='ocrx_word' id='word_1_191' title='bbox 496 2424 574 2487; x_wconf 83' lang='grc' dir='ltr'><strong><em>φασι</em></strong></span> <span class='ocrx_word' id='word_1_192' title='bbox 599 2399 654 2466; x_wconf 86' lang='grc' dir='ltr'><strong><em>τὸν</em></strong></span> <span class='ocrx_word' id='word_1_193' title='bbox 670 2398 886 2487; x_wconf 79' lang='grc' dir='ltr'><strong><em>Ὑπερβόρειον</em></strong></span> <span class='ocrx_word' id='word_1_194' title='bbox 904 2399 1037 2466; x_wconf 76' lang='grc' dir='ltr'><strong><em>ἐλθόντα</em></strong></span> <span class='ocrx_word' id='word_1_195' title='bbox 1058 2400 1178 2487; x_wconf 82' lang='grc' dir='ltr'><strong><em>θεωρὸν</em></strong></span> <span class='ocrx_word' id='word_1_196' title='bbox 1199 2404 1240 2476; x_wconf 77' lang='grc' dir='ltr'><strong><em>εἰς</em></strong></span> <span class='ocrx_word' id='word_1_197' title='bbox 1252 2399 1311 2549; x_wconf 64' lang='lat' dir='ltr'><strong><em>apr</em></strong></span> 
     </span>
     <span class='ocr_line' id='line_1_25' title="bbox 134 2480 1310 2570; baseline 0.002 -23"><span class='ocrx_word' id='word_1_198' title='bbox 134 2480 276 2549; x_wconf 81' lang='grc' dir='ltr'><strong><em>Ἓλλάδα</em></strong></span> <span class='ocrx_word' id='word_1_199' title='bbox 295 2482 463 2552; x_wconf 82' lang='grc' dir='ltr'><strong><em>Ἀπόλλωνι</em></strong></span> <span class='ocrx_word' id='word_1_200' title='bbox 489 2492 641 2570; x_wconf 77' lang='grc' dir='ltr'><strong><em>θητεῦσαι</em></strong></span> <span class='ocrx_word' id='word_1_201' title='bbox 662 2490 713 2551; x_wconf 79' lang='grc' dir='ltr'><strong><em>καὶ</em></strong></span> <span class='ocrx_word' id='word_1_202' title='bbox 742 2485 839 2562; x_wconf 71' lang='grc' dir='ltr'><strong><em>οὕτως</em></strong></span> <span class='ocrx_word' id='word_1_203' title='bbox 859 2482 1035 2570; x_wconf 76' lang='grc' dir='ltr'><strong><em>συγγράψαι</em></strong></span> <span class='ocrx_word' id='word_1_204' title='bbox 1056 2485 1129 2562; x_wconf 79' lang='grc' dir='ltr'><strong><em>τοὺς</em></strong></span> <span class='ocrx_word' id='word_1_205' title='bbox 1147 2510 1272 2570; x_wconf 88' lang='grc' dir='ltr'><strong><em>χρησμο</em></strong></span> <span class='ocrx_word' id='word_1_206' title='bbox 1292 2509 1310 2563; x_wconf 83' lang='grc' dir='ltr'><strong><em>ς</em></strong></span> 
     </span>
     <span class='ocr_line' id='line_1_26' title="bbox 139 2569 1310 2743; baseline 0.002 -24"><span class='ocrx_word' id='word_1_207' title='bbox 139 2569 1310 2743; x_wconf 48' lang='lat' dir='ltr'><strong><em>illan?pali⁰‘&#39;·“liiilili‘&#39;llari‘&#39;iiiii‘inFllllhlllhaluilull</em></strong></span> 
     </span>
     <span class='ocr_line' id='line_1_27' title="bbox 140 2679 1309 2831; baseline 0.003 -28"><span class='ocrx_word' id='word_1_208' title='bbox 140 2747 201 2821; x_wconf 83' lang='lat' dir='ltr'>est,</span> <span class='ocrx_word' id='word_1_209' title='bbox 224 2761 283 2804; x_wconf 95' lang='lat' dir='ltr'><strong><em>non</em></strong></span> <span class='ocrx_word' id='word_1_210' title='bbox 305 2679 574 2823; x_wconf 61' lang='lat' dir='ltr'>obscirleminuicat,</span> <span class='ocrx_word' id='word_1_211' title='bbox 601 2763 657 2828; x_wconf 92' lang='lat' dir='ltr'><strong><em>quo</em></strong></span> <span class='ocrx_word' id='word_1_212' title='bbox 678 2749 762 2830; x_wconf 82' lang='lat' dir='ltr'>pacto</span> <span class='ocrx_word' id='word_1_213' title='bbox 782 2741 933 2831; x_wconf 83' lang='lat' dir='ltr'>Apollinis</span> <span class='ocrx_word' id='word_1_214' title='bbox 954 2740 1061 2829; x_wconf 82' lang='lat' dir='ltr'>religio</span> <span class='ocrx_word' id='word_1_215' title='bbox 1084 2741 1123 2807; x_wconf 85' lang='lat' dir='ltr'><strong><em>sit</em></strong></span> <span class='ocrx_word' id='word_1_216' title='bbox 1142 2746 1309 2829; x_wconf 79' lang='lat' dir='ltr'>propagata</span> 
     </span>
     <span class='ocr_line' id='line_1_28' title="bbox 141 2825 1308 2915; baseline 0.001 -27"><span class='ocrx_word' id='word_1_217' title='bbox 141 2831 171 2888; x_wconf 86' lang='lat' dir='ltr'><strong><em>et</em></strong></span> <span class='ocrx_word' id='word_1_218' title='bbox 197 2845 253 2909; x_wconf 90' lang='lat' dir='ltr'><strong><em>quo</em></strong></span> <span class='ocrx_word' id='word_1_219' title='bbox 285 2825 402 2890; x_wconf 85' lang='lat' dir='ltr'>vinculo</span> <span class='ocrx_word' id='word_1_220' title='bbox 429 2826 612 2892; x_wconf 87' lang='lat' dir='ltr'>diversorum</span> <span class='ocrx_word' id='word_1_221' title='bbox 633 2849 677 2915; x_wconf 90' lang='lat' dir='ltr'><strong><em>po</em></strong></span> <span class='ocrx_word' id='word_1_222' title='bbox 698 2828 811 2892; x_wconf 94' lang='lat' dir='ltr'>ulorum</span> <span class='ocrx_word' id='word_1_223' title='bbox 839 2847 925 2890; x_wconf 85' lang='lat' dir='ltr'>saura</span> <span class='ocrx_word' id='word_1_224' title='bbox 950 2826 1030 2891; x_wconf 86' lang='lat' dir='ltr'>inter</span> <span class='ocrx_word' id='word_1_225' title='bbox 1051 2847 1084 2890; x_wconf 91' lang='lat' dir='ltr'><strong><em>se</em></strong></span> <span class='ocrx_word' id='word_1_226' title='bbox 1104 2825 1217 2890; x_wconf 81' lang='lat' dir='ltr'>fuerint</span> <span class='ocrx_word' id='word_1_227' title='bbox 1237 2846 1308 2889; x_wconf 88' lang='lat' dir='ltr'><strong><em>oon·</em></strong></span> 
     </span>
     <span class='ocr_line' id='line_1_29' title="bbox 139 2849 1308 2998; baseline 0.002 -25"><span class='ocrx_word' id='word_1_228' title='bbox 139 2910 248 2974; x_wconf 84' lang='lat' dir='ltr'>iuncta.</span> <span class='ocrx_word' id='word_1_229' title='bbox 291 2909 333 2975; x_wconf 86' lang='lat' dir='ltr'><strong><em>Et</em></strong></span> <span class='ocrx_word' id='word_1_230' title='bbox 361 2911 444 2977; x_wconf 90' lang='lat' dir='ltr'>Delii</span> <span class='ocrx_word' id='word_1_231' title='bbox 474 2911 589 2997; x_wconf 86' lang='lat' dir='ltr'>quidem</span> <span class='ocrx_word' id='word_1_232' title='bbox 619 2849 696 2998; x_wconf 67' lang='lat' dir='ltr'>quill</span> <span class='ocrx_word' id='word_1_233' title='bbox 716 2913 753 2978; x_wconf 89' lang='lat' dir='ltr'><strong><em>de</em></strong></span> <span class='ocrx_word' id='word_1_234' title='bbox 780 2912 811 2976; x_wconf 94' lang='lat' dir='ltr'>H</span> <span class='ocrx_word' id='word_1_235' title='bbox 854 2912 985 2975; x_wconf 86' lang='lat' dir='ltr'>erhoreis</span> <span class='ocrx_word' id='word_1_236' title='bbox 1007 2918 1037 2975; x_wconf 86' lang='lat' dir='ltr'><strong><em>ot</em></strong></span> <span class='ocrx_word' id='word_1_237' title='bbox 1056 2911 1087 2975; x_wconf 92' lang='lat' dir='ltr'><strong>A</strong></span> <span class='ocrx_word' id='word_1_238' title='bbox 1108 2910 1207 2975; x_wconf 87' lang='lat' dir='ltr'>ollinis</span> <span class='ocrx_word' id='word_1_239' title='bbox 1229 2909 1308 2977; x_wconf 86' lang='lat' dir='ltr'>cultu</span> 
     </span>
     <span class='ocr_line' id='line_1_30' title="bbox 94 2994 1308 3085; baseline 0.003 -28"><span class='ocrx_word' id='word_1_240' title='bbox 94 3019 96 3022; x_wconf 93' lang='lat'>·</span> <span class='ocrx_word' id='word_1_241' title='bbox 139 2994 217 3083; x_wconf 87' lang='lat' dir='ltr'>apud</span> <span class='ocrx_word' id='word_1_242' title='bbox 242 2995 310 3058; x_wconf 90' lang='lat' dir='ltr'>illos</span> <span class='ocrx_word' id='word_1_243' title='bbox 332 2997 530 3078; x_wconf 82' lang='lat' dir='ltr'>narraverint,</span> <span class='ocrx_word' id='word_1_244' title='bbox 557 2999 713 3063; x_wconf 84' lang='lat' dir='ltr'><strong><em>memoriae</em></strong></span> <span class='ocrx_word' id='word_1_245' title='bbox 734 2997 818 3085; x_wconf 82' lang='lat' dir='ltr'>produ</span> <span class='ocrx_word' id='word_1_246' title='bbox 840 2999 863 3060; x_wconf 88' lang='lat' dir='ltr'><strong><em>it</em></strong></span> <span class='ocrx_word' id='word_1_247' title='bbox 888 2994 1057 3061; x_wconf 90' lang='lat' dir='ltr'>Herodotus</span> <span class='ocrx_word' id='word_1_248' title='bbox 1130 3043 1137 3060; x_wconf 83' lang='lat'><strong>.</strong></span> <span class='ocrx_word' id='word_1_249' title='bbox 1164 2997 1216 3059; x_wconf 79' lang='lat'><strong><em>32.</em></strong></span> <span class='ocrx_word' id='word_1_250' title='bbox 1244 3015 1308 3080; x_wconf 85' lang='lat' dir='ltr'>sqq.</span> 
     </span>
     <span class='ocr_line' id='line_1_31' title="bbox 141 3079 1308 3168; baseline 0.003 -25"><span class='ocrx_word' id='word_1_251' title='bbox 141 3087 172 3143; x_wconf 90' lang='lat' dir='ltr'><strong><em>et</em></strong></span> <span class='ocrx_word' id='word_1_252' title='bbox 190 3079 261 3147; x_wconf 78' lang='lat' dir='ltr'><strong><em>irio</em></strong></span> <span class='ocrx_word' id='word_1_253' title='bbox 284 3102 308 3144; x_wconf 83' lang='lat' dir='ltr'><strong><em>o.</em></strong></span> <span class='ocrx_word' id='word_1_254' title='bbox 336 3081 388 3146; x_wconf 85' lang='grc'><strong><em>36.</em></strong></span> <span class='ocrx_word' id='word_1_255' title='bbox 415 3081 557 3145; x_wconf 88' lang='lat' dir='ltr'>Aharidis</span> <span class='ocrx_word' id='word_1_256' title='bbox 584 3102 696 3168; x_wconf 90' lang='lat' dir='ltr'>quoque</span> <span class='ocrx_word' id='word_1_257' title='bbox 721 3082 898 3146; x_wconf 87' lang='lat' dir='ltr'>mentionem</span> <span class='ocrx_word' id='word_1_258' title='bbox 929 3081 1044 3162; x_wconf 86' lang='lat' dir='ltr'>iniecit,</span> <span class='ocrx_word' id='word_1_259' title='bbox 1077 3079 1308 3147; x_wconf 80' lang='lat' dir='ltr'>Atheniensium</span> 
     </span>
     <span class='ocr_line' id='line_1_32' title="bbox 138 3164 1307 3232; baseline 0 -5"><span class='ocrx_word' id='word_1_260' title='bbox 138 3183 212 3229; x_wconf 81' lang='lat' dir='ltr'>vero</span> <span class='ocrx_word' id='word_1_261' title='bbox 241 3165 351 3229; x_wconf 89' lang='lat' dir='ltr'>nullam</span> <span class='ocrx_word' id='word_1_262' title='bbox 377 3165 479 3231; x_wconf 90' lang='lat' dir='ltr'>hahuit</span> <span class='ocrx_word' id='word_1_263' title='bbox 504 3167 662 3231; x_wconf 86' lang='lat' dir='ltr'>rationem:</span> <span class='ocrx_word' id='word_1_264' title='bbox 697 3167 750 3232; x_wconf 86' lang='lat' dir='ltr'><strong><em>sed</em></strong></span> <span class='ocrx_word' id='word_1_265' title='bbox 776 3165 919 3230; x_wconf 80' lang='lat' dir='ltr'>Ahariolis</span> <span class='ocrx_word' id='word_1_266' title='bbox 946 3165 1115 3231; x_wconf 81' lang='lat' dir='ltr'>memoriam</span> <span class='ocrx_word' id='word_1_267' title='bbox 1143 3164 1307 3229; x_wconf 85' lang='lat' dir='ltr'>arctissime</span> 
     </span>
     <span class='ocr_line' id='line_1_33' title="bbox 139 3247 1308 3339; baseline 0.001 -27"><span class='ocrx_word' id='word_1_268' title='bbox 139 3270 205 3312; x_wconf 87' lang='lat' dir='ltr'><strong><em>oum</em></strong></span> <span class='ocrx_word' id='word_1_269' title='bbox 225 3248 375 3338; x_wconf 91' lang='lat' dir='ltr'>Apollinis</span> <span class='ocrx_word' id='word_1_270' title='bbox 406 3251 483 3316; x_wconf 89' lang='lat' dir='ltr'>cultu</span> <span class='ocrx_word' id='word_1_271' title='bbox 505 3251 581 3339; x_wconf 86' lang='lat' dir='ltr'>apud</span> <span class='ocrx_word' id='word_1_272' title='bbox 602 3250 804 3316; x_wconf 84' lang='lat' dir='ltr'>Athenienses</span> <span class='ocrx_word' id='word_1_273' title='bbox 826 3251 1009 3315; x_wconf 84' lang='lat' dir='ltr'>coniunctam</span> <span class='ocrx_word' id='word_1_274' title='bbox 1030 3271 1098 3315; x_wconf 91' lang='lat' dir='ltr'>esse</span> <span class='ocrx_word' id='word_1_275' title='bbox 1119 3255 1243 3313; x_wconf 87' lang='lat' dir='ltr'>testatur</span> <span class='ocrx_word' id='word_1_276' title='bbox 1264 3247 1308 3313; x_wconf 93' lang='lat' dir='ltr'><strong><em>lo·</em></strong></span> 
     </span>
     <span class='ocr_line' id='line_1_34' title="bbox 140 3333 1309 3423; baseline 0.003 -26"><span class='ocrx_word' id='word_1_277' title='bbox 140 3333 240 3421; x_wconf 85' lang='lat' dir='ltr'>ouples</span> <span class='ocrx_word' id='word_1_278' title='bbox 262 3341 363 3399; x_wconf 86' lang='lat' dir='ltr'>auctor</span> <span class='ocrx_word' id='word_1_279' title='bbox 382 3335 546 3423; x_wconf 85' lang='lat' dir='ltr'>Lycurgus</span> <span class='ocrx_word' id='word_1_280' title='bbox 566 3337 600 3400; x_wconf 90' lang='lat' dir='ltr'><strong><em>in</em></strong></span> <span class='ocrx_word' id='word_1_281' title='bbox 620 3338 753 3401; x_wconf 87' lang='lat' dir='ltr'>oratione</span> <span class='ocrx_word' id='word_1_282' title='bbox 773 3337 806 3401; x_wconf 93' lang='lat' dir='ltr'><strong><em>in</em></strong></span> <span class='ocrx_word' id='word_1_283' title='bbox 826 3335 1102 3416; x_wconf 87' lang='lat' dir='ltr'>Menesaeohmum,</span> <span class='ocrx_word' id='word_1_284' title='bbox 1124 3355 1163 3399; x_wconf 83' lang='lat' dir='ltr'><strong><em>ex</em></strong></span> <span class='ocrx_word' id='word_1_285' title='bbox 1203 3355 1241 3397; x_wconf 81' lang='lat' dir='ltr'>ua</span> <span class='ocrx_word' id='word_1_286' title='bbox 1261 3333 1309 3401; x_wconf 77' lang='lat' dir='ltr'><strong><em>iu·</em></strong></span> 
     </span>
     <span class='ocr_line' id='line_1_35' title="bbox 139 3418 1307 3508; baseline 0.002 -26"><span class='ocrx_word' id='word_1_287' title='bbox 139 3419 167 3482; x_wconf 85' lang='lat' dir='ltr'><strong><em>si</em></strong></span> <span class='ocrx_word' id='word_1_288' title='bbox 211 3441 228 3483; x_wconf 92' lang='lat' dir='ltr'>e</span> <span class='ocrx_word' id='word_1_289' title='bbox 254 3420 453 3507; x_wconf 82' lang='lat' dir='ltr'>fragmentum</span> <span class='ocrx_word' id='word_1_290' title='bbox 479 3421 609 3487; x_wconf 85' lang='lat' dir='ltr'>servavit</span> <span class='ocrx_word' id='word_1_291' title='bbox 627 3420 761 3487; x_wconf 86' lang='lat' dir='ltr'>Eudooia</span> <span class='ocrx_word' id='word_1_292' title='bbox 786 3420 862 3508; x_wconf 87' lang='lat' dir='ltr'>apud</span> <span class='ocrx_word' id='word_1_293' title='bbox 887 3419 1005 3488; x_wconf 89' lang='lat' dir='ltr'>Villois.</span> <span class='ocrx_word' id='word_1_294' title='bbox 1032 3419 1147 3484; x_wconf 85' lang='lat' dir='ltr'>Aneed.</span> <span class='ocrx_word' id='word_1_295' title='bbox 1202 3418 1256 3484; x_wconf 90' lang='grc' dir='ltr'><strong><em>.Ι.</em></strong></span> <span class='ocrx_word' id='word_1_296' title='bbox 1277 3438 1307 3507; x_wconf 86' lang='lat' dir='ltr'><strong><em>p.</em></strong></span> 
     </span>
     <span class='ocr_line' id='line_1_36' title="bbox 139 3440 1308 3593; baseline 0.003 -26"><span class='ocrx_word' id='word_1_297' title='bbox 139 3440 210 3568; x_wconf 52' lang='lat'><strong><em>205.¹¹</em></strong></span> <span class='ocrx_word' id='word_1_298' title='bbox 227 3504 320 3586; x_wconf 83' lang='lat' dir='ltr'>(adde</span> <span class='ocrx_word' id='word_1_299' title='bbox 349 3505 489 3571; x_wconf 92' lang='lat' dir='ltr'>Nounum</span> <span class='ocrx_word' id='word_1_300' title='bbox 514 3508 634 3572; x_wconf 78' lang='lat' dir='ltr'>Narrat</span> <span class='ocrx_word' id='word_1_301' title='bbox 660 3505 760 3593; x_wconf 88' lang='lat' dir='ltr'>Myth.</span> <span class='ocrx_word' id='word_1_302' title='bbox 787 3506 820 3570; x_wconf 92' lang='lat' dir='ltr'><strong><em>in</em></strong></span> <span class='ocrx_word' id='word_1_303' title='bbox 847 3505 990 3572; x_wconf 79' lang='lat' dir='ltr'>Greuzeri</span> <span class='ocrx_word' id='word_1_304' title='bbox 1021 3503 1125 3569; x_wconf 90' lang='lat' dir='ltr'>Melet.</span> <span class='ocrx_word' id='word_1_305' title='bbox 1157 3502 1196 3571; x_wconf 88' lang='lat' dir='ltr'><strong><em>V.</em></strong></span> <span class='ocrx_word' id='word_1_306' title='bbox 1222 3503 1248 3568; x_wconf 87' lang='lat' dir='ltr'><strong><em>l.</em></strong></span> <span class='ocrx_word' id='word_1_307' title='bbox 1297 3548 1308 3570; x_wconf 71' lang='lat'><em>0</em></span> 
     </span>
     <span class='ocr_line' id='line_1_37' title="bbox 139 3522 1308 3698; baseline 0 -45"><span class='ocrx_word' id='word_1_308' title='bbox 139 3588 221 3670; x_wconf 77' lang='lat'><strong>75.):</strong></span> <span class='ocrx_word' id='word_1_309' title='bbox 264 3586 392 3698; x_wconf 82' lang='grc' dir='ltr'><strong><em>’Άβαρις</em></strong></span> <span class='ocrx_word' id='word_1_310' title='bbox 418 3592 450 3667; x_wconf 81' lang='grc' dir='ltr'><strong><em>έξ</em></strong></span> <span class='ocrx_word' id='word_1_311' title='bbox 471 3586 684 3676; x_wconf 83' lang='grc' dir='ltr'><strong><em>Ὑπερβορέων</em></strong></span> <span class='ocrx_word' id='word_1_312' title='bbox 709 3583 747 3673; x_wconf 76' lang='grc' dir='ltr'><strong><em>ἦν</em></strong></span> <span class='ocrx_word' id='word_1_313' title='bbox 767 3586 934 3675; x_wconf 76' lang='grc' dir='ltr'><strong><em>ἅνθρωπός</em></strong></span> <span class='ocrx_word' id='word_1_314' title='bbox 960 3610 1020 3664; x_wconf 85' lang='grc' dir='ltr'><strong><em>τις·</em></strong></span> <span class='ocrx_word' id='word_1_315' title='bbox 1053 3588 1083 3653; x_wconf 78' lang='grc' dir='ltr'><strong><em>οἱ</em></strong></span> <span class='ocrx_word' id='word_1_316' title='bbox 1104 3586 1137 3652; x_wconf 74' lang='grc' dir='ltr'><strong><em>δ’</em></strong></span> <span class='ocrx_word' id='word_1_317' title='bbox 1156 3522 1308 3673; x_wconf 69' lang='grc' dir='ltr'><strong><em>Ὑπερβά-</em></strong></span> 
     </span>
     <span class='ocr_line' id='line_1_38' title="bbox 140 3666 1309 3760; baseline 0 -24"><span class='ocrx_word' id='word_1_318' title='bbox 140 3697 204 3757; x_wconf 88' lang='grc' dir='ltr'><strong><em>ρεοι</em></strong></span> <span class='ocrx_word' id='word_1_319' title='bbox 225 3671 452 3760; x_wconf 83' lang='grc' dir='ltr'><strong><em>ἄρκτικωτεροι</em></strong></span> <span class='ocrx_word' id='word_1_320' title='bbox 472 3682 533 3741; x_wconf 91' lang='grc' dir='ltr'><strong><em>τῶν</em></strong></span> <span class='ocrx_word' id='word_1_321' title='bbox 558 3679 709 3741; x_wconf 84' lang='grc' dir='ltr'><strong><em>Σκυθῶν·</em></strong></span> <span class='ocrx_word' id='word_1_322' title='bbox 743 3666 833 3753; x_wconf 77' lang='grc' dir='ltr'><strong><em>οὗτος</em></strong></span> <span class='ocrx_word' id='word_1_323' title='bbox 855 3666 910 3740; x_wconf 81' lang='grc' dir='ltr'><strong><em>οῦν</em></strong></span> <span class='ocrx_word' id='word_1_324' title='bbox 935 3670 1101 3757; x_wconf 77' lang='grc' dir='ltr'><strong><em>ῦἍβαρις</em></strong></span> <span class='ocrx_word' id='word_1_325' title='bbox 1121 3670 1237 3755; x_wconf 79' lang='grc' dir='ltr'><strong><em>λέγεται</em></strong></span> <span class='ocrx_word' id='word_1_326' title='bbox 1258 3670 1309 3737; x_wconf 82' lang='grc' dir='ltr'><strong><em>έν-</em></strong></span> 
     </span>
     <span class='ocr_line' id='line_1_39' title="bbox 139 3755 1309 3846; baseline 0 -25"><span class='ocrx_word' id='word_1_327' title='bbox 139 3762 220 3833; x_wconf 91' lang='grc' dir='ltr'><strong><em>θους</em></strong></span> <span class='ocrx_word' id='word_1_328' title='bbox 245 3755 404 3841; x_wconf 74' lang='grc' dir='ltr'><strong><em>γενόμενος</em></strong></span> <span class='ocrx_word' id='word_1_329' title='bbox 425 3762 567 3846; x_wconf 82' lang='grc' dir='ltr'><strong><em>περιϊέναι</em></strong></span> <span class='ocrx_word' id='word_1_330' title='bbox 593 3760 649 3844; x_wconf 80' lang='grc' dir='ltr'><strong><em>τὴν</em></strong></span> <span class='ocrx_word' id='word_1_331' title='bbox 664 3758 806 3827; x_wconf 84' lang='grc' dir='ltr'><strong><em>Ἓλλάδα</em></strong></span> <span class='ocrx_word' id='word_1_332' title='bbox 827 3756 928 3846; x_wconf 79' lang='grc' dir='ltr'><strong><em>κῦκλρι</em></strong></span> <span class='ocrx_word' id='word_1_333' title='bbox 948 3758 1027 3841; x_wconf 80' lang='grc' dir='ltr'><strong><em>μετά</em></strong></span> <span class='ocrx_word' id='word_1_334' title='bbox 1046 3763 1103 3823; x_wconf 90' lang='grc' dir='ltr'><strong><em>τοῦ</em></strong></span> <span class='ocrx_word' id='word_1_335' title='bbox 1123 3757 1234 3838; x_wconf 83' lang='grc' dir='ltr'><strong><em>βέλους</em></strong></span> <span class='ocrx_word' id='word_1_336' title='bbox 1255 3758 1309 3821; x_wconf 82' lang='grc' dir='ltr'><strong><em>καλ</em></strong></span> 
     </span>
     <span class='ocr_line' id='line_1_40' title="bbox 137 3836 1308 3931; baseline 0 -24"><span class='ocrx_word' id='word_1_337' title='bbox 137 3842 299 3926; x_wconf 77' lang='grc' dir='ltr'><strong><em>χρησμούς</em></strong></span> <span class='ocrx_word' id='word_1_338' title='bbox 322 3869 408 3922; x_wconf 87' lang='grc' dir='ltr'><strong><em>τινας</em></strong></span> <span class='ocrx_word' id='word_1_339' title='bbox 428 3848 479 3910; x_wconf 78' lang='grc' dir='ltr'><strong><em>καί</em></strong></span> <span class='ocrx_word' id='word_1_340' title='bbox 500 3849 644 3929; x_wconf 79' lang='grc' dir='ltr'><strong><em>μαντείας</em></strong></span> <span class='ocrx_word' id='word_1_341' title='bbox 669 3846 763 3931; x_wconf 76' lang='grc' dir='ltr'><strong><em>λέγειν</em></strong></span> <span class='ocrx_word' id='word_1_342' title='bbox 790 3841 833 3922; x_wconf 87' lang='grc' dir='ltr'><strong><em>ῶς</em></strong></span> <span class='ocrx_word' id='word_1_343' title='bbox 858 3843 979 3920; x_wconf 77' lang='grc' dir='ltr'><strong><em>ένθους.</em></strong></span> <span class='ocrx_word' id='word_1_344' title='bbox 1026 3844 1140 3907; x_wconf 92' lang='grc' dir='ltr'><strong><em>Λυκοῦ</em></strong></span> <span class='ocrx_word' id='word_1_345' title='bbox 1160 3866 1213 3923; x_wconf 79' lang='grc' dir='ltr'><strong><em>νος</em></strong></span> <span class='ocrx_word' id='word_1_346' title='bbox 1235 3836 1308 3907; x_wconf 81' lang='grc' dir='ltr'><strong><em>δέὸ</em></strong></span> 
     </span>
     <span class='ocr_line' id='line_1_41' title="bbox 140 3867 1310 4018; baseline 0 -27"><span class='ocrx_word' id='word_1_347' title='bbox 140 3923 224 4013; x_wconf 79' lang='grc' dir='ltr'><strong><em>(λη’τω</em></strong></span> <span class='ocrx_word' id='word_1_348' title='bbox 271 3927 422 4014; x_wconf 84' lang='grc' dir='ltr'><strong><em>μέμνηται</em></strong></span> <span class='ocrx_word' id='word_1_349' title='bbox 448 3937 504 3997; x_wconf 90' lang='grc' dir='ltr'><strong><em>τοῦ</em></strong></span> <span class='ocrx_word' id='word_1_350' title='bbox 528 3929 704 4018; x_wconf 86' lang='grc' dir='ltr'><strong><em>Ἀβάριδος</em></strong></span> <span class='ocrx_word' id='word_1_351' title='bbox 728 3933 761 3996; x_wconf 78' lang='grc' dir='ltr'><strong><em>ἓν</em></strong></span> <span class='ocrx_word' id='word_1_352' title='bbox 785 3936 829 4018; x_wconf 79' lang='grc' dir='ltr'><strong><em>τῷ</em></strong></span> <span class='ocrx_word' id='word_1_353' title='bbox 851 3927 929 3994; x_wconf 85' lang='grc' dir='ltr'><strong><em>κατδ</em></strong></span> <span class='ocrx_word' id='word_1_354' title='bbox 950 3927 1116 4011; x_wconf 81' lang='grc' dir='ltr'><strong><em>Μενέχμου</em></strong></span> <span class='ocrx_word' id='word_1_355' title='bbox 1138 3867 1310 4009; x_wconf 61' lang='grc' dir='ltr'><strong><em>έέλίίενεσαί-</em></strong></span> 
     </span>
    </p>
   </div>
   <div class='ocr_carea' id='block_1_3' title="bbox 137 3953 1309 4360">
    <p class='ocr_par' dir='ltr' id='par_1_5' title="bbox 137 3953 1309 4360">
     <span class='ocr_line' id='line_1_42' title="bbox 137 3953 1309 4122; baseline 0 -45"><span class='ocrx_word' id='word_1_356' title='bbox 137 3953 243 4099; x_wconf 60' lang='lat' dir='ltr'>moal</span> <span class='ocrx_word' id='word_1_357' title='bbox 271 4010 366 4102; x_wconf 77' lang='grc' dir='ltr'><strong><em>λάγιρ,</em></strong></span> <span class='ocrx_word' id='word_1_358' title='bbox 398 4017 508 4101; x_wconf 72' lang='grc' dir='ltr'><strong><em>λέγων·</em></strong></span> <span class='ocrx_word' id='word_1_359' title='bbox 550 4019 684 4100; x_wconf 89' lang='grc' dir='ltr'><strong><em>Λιμοῦ</em></strong></span> <span class='ocrx_word' id='word_1_360' title='bbox 715 4014 921 4122; x_wconf 76' lang='grc' dir='ltr'><strong><em>γενομένου</em></strong></span> <span class='ocrx_word' id='word_1_361' title='bbox 954 4015 992 4079; x_wconf 84' lang='grc' dir='ltr'><strong><em>έν</em></strong></span> <span class='ocrx_word' id='word_1_362' title='bbox 1021 4021 1103 4089; x_wconf 79' lang='grc' dir='ltr'><strong><em>τοῖς</em></strong></span> <span class='ocrx_word' id='word_1_363' title='bbox 1129 4008 1309 4095; x_wconf 86' lang='grc' dir='ltr'><strong><em>Ὑπερβο-</em></strong></span> 
     </span>
     <span class='ocr_line' id='line_1_43' title="bbox 141 4091 1308 4188; baseline 0.001 -26"><span class='ocrx_word' id='word_1_364' title='bbox 141 4098 258 4184; x_wconf 87' lang='grc' dir='ltr'><strong><em>ρέοις,</em></strong></span> <span class='ocrx_word' id='word_1_365' title='bbox 289 4091 412 4182; x_wconf 76' lang='grc' dir='ltr'><strong><em>ἦλθεν</em></strong></span> <span class='ocrx_word' id='word_1_366' title='bbox 438 4097 637 4188; x_wconf 80' lang='grc' dir='ltr'><strong><em>δ’Άβαρις</em></strong></span> <span class='ocrx_word' id='word_1_367' title='bbox 667 4103 705 4169; x_wconf 84' lang='grc' dir='ltr'><strong><em>έν</em></strong></span> <span class='ocrx_word' id='word_1_368' title='bbox 735 4107 779 4188; x_wconf 78' lang='grc' dir='ltr'><strong><em>τῇ</em></strong></span> <span class='ocrx_word' id='word_1_369' title='bbox 816 4095 966 4165; x_wconf 80' lang='grc' dir='ltr'><strong><em>Ελλάδι</em></strong></span> <span class='ocrx_word' id='word_1_370' title='bbox 987 4100 1049 4163; x_wconf 78' lang='grc' dir='ltr'><strong><em>καί</em></strong></span> <span class='ocrx_word' id='word_1_371' title='bbox 1071 4093 1308 4178; x_wconf 81' lang='grc' dir='ltr'><strong><em>έμισθῶτευ-</em></strong></span> 
     </span>
     <span class='ocr_line' id='line_1_44' title="bbox 140 4180 1307 4272; baseline 0 -24"><span class='ocrx_word' id='word_1_372' title='bbox 140 4204 205 4248; x_wconf 87' lang='grc' dir='ltr'><strong><em>σεν</em></strong></span> <span class='ocrx_word' id='word_1_373' title='bbox 227 4189 279 4272; x_wconf 81' lang='grc' dir='ltr'><strong><em>τῷ</em></strong></span> <span class='ocrx_word' id='word_1_374' title='bbox 302 4183 541 4253; x_wconf 79' lang='grc' dir='ltr'><strong><em>Ἀπόλλωνι·</em></strong></span> <span class='ocrx_word' id='word_1_375' title='bbox 585 4189 646 4255; x_wconf 85' lang='grc' dir='ltr'><strong><em>καί</em></strong></span> <span class='ocrx_word' id='word_1_376' title='bbox 675 4182 868 4269; x_wconf 73' lang='grc' dir='ltr'><strong><em>ἐδιδάχθη</em></strong></span> <span class='ocrx_word' id='word_1_377' title='bbox 890 4181 978 4272; x_wconf 77' lang='grc' dir='ltr'><strong><em>παρ’</em></strong></span> <span class='ocrx_word' id='word_1_378' title='bbox 1009 4181 1127 4249; x_wconf 89' lang='grc' dir='ltr'><strong><em>αῦτοῦ</em></strong></span> <span class='ocrx_word' id='word_1_379' title='bbox 1148 4180 1191 4249; x_wconf 91' lang='grc' dir='ltr'><strong><em>τδ</em></strong></span> <span class='ocrx_word' id='word_1_380' title='bbox 1210 4206 1307 4266; x_wconf 84' lang='grc' dir='ltr'><strong><em>χρη-</em></strong></span> 
     </span>
     <span class='ocr_line' id='line_1_45' title="bbox 141 4262 1309 4360; baseline 0 -27"><span class='ocrx_word' id='word_1_381' title='bbox 141 4273 365 4356; x_wconf 77' lang='grc' dir='ltr'><strong><em>σμολογεῖν·</em></strong></span> <span class='ocrx_word' id='word_1_382' title='bbox 407 4274 478 4337; x_wconf 83' lang='grc' dir='ltr'><strong><em>καλ</em></strong></span> <span class='ocrx_word' id='word_1_383' title='bbox 510 4268 608 4339; x_wconf 85' lang='grc' dir='ltr'><strong><em>οῦτω</em></strong></span> <span class='ocrx_word' id='word_1_384' title='bbox 639 4276 789 4360; x_wconf 87' lang='grc' dir='ltr'><strong><em>κρατῶν</em></strong></span> <span class='ocrx_word' id='word_1_385' title='bbox 821 4268 864 4337; x_wconf 88' lang='grc' dir='ltr'><strong><em>τδ</em></strong></span> <span class='ocrx_word' id='word_1_386' title='bbox 891 4268 1006 4352; x_wconf 82' lang='grc' dir='ltr'><strong><em>βέλος</em></strong></span> <span class='ocrx_word' id='word_1_387' title='bbox 1037 4262 1309 4350; x_wconf 83' lang='grc' dir='ltr'><strong><em>ῶςσῦμβολσκ</em></strong></span> 
     </span>
    </p>
   </div>
   <div class='ocr_carea' id='block_1_4' title="bbox 0 0 1386 4792">
    <p class='ocr_par' dir='ltr' id='par_1_6' title="bbox 0 0 1386 4792">
     <span class='ocr_line' id='line_1_46' title="bbox 0 0 1386 4792; baseline 0 0"><span class='ocrx_word' id='word_1_388' title='bbox 0 0 1386 4792; x_wconf 95' lang='lat' dir='ltr'><strong><em> </em></strong></span> 
     </span>
    </p>
   </div>
  </div>
 </body>
</html>
