2768 4770
256 208 316 277 DE
336 205 689 286 RELIQOOMOED.
709 210 816 284 Aur.
835 211 980 290 numo.
1142 217 1208 284 331

72 374 231 443 xcelluisse
250 376 368 442 ridetur
389 375 555 464 eloquentia
575 384 606 442 et
626 376 662 443 ab
684 377 769 444 initio
794 380 855 445 reis
873 378 1068 448 defendendis
1087 400 1209 470 operam

72 461 178 543 dore,
206 461 367 546 siquidem
389 460 465 527 idem
489 468 551 544 ost,
578 483 662 547 quem
684 461 821 528 Socrates
843 463 961 530 Critoni
980 465 1093 530 homini
1113 466 1208 548 diviti,

72 546 95 612 d
120 546 294 628 subtimido‚
337 547 430 631 obque
456 544 487 609 id
517 546 612 634 ipsum
640 569 659 610 a
685 547 923 614 calumniatorem
951 549 1063 615 malitia
1088 550 1209 617 multum

72 639 149 697 exuto
177 628 405 711 commendavit,
438 631 519 694 cuius
541 652 559 694 o
579 653 631 695 era
647 631 730 710 istos
756 632 891 698 homines
916 653 990 698 ase
1010 642 1139 699 arceret:
1171 634 1208 699 de

72 737 97 781 ιο
117 714 286 802 Xenophon
306 713 338 778 in
358 713 545 780 Memorabil.
598 761 607 780 .
627 715 668 779 ll.
688 715 727 797 9,
747 714 769 782 4
789 717 863 781 haer
883 715 973 782 dicit:
994 720 1060 783 Kal
1081 719 1116 782 de
1135 714 1209 784 τοδ-

72 824 102 864 υν
122 795 351 884 ἀνευρίσκουσιν
365 795 569 909 Ἀρχίδημογ,
594 797 674 911 πρίνυ
693 800 750 908 μέγ
770 799 874 909 inuade
893 803 984 866 εἰπεῖν
1004 804 1108 867 τεκαὶ
1128 808 1209 911 ηρῖι-

72 881 371 1052 tenebititis
388 882 1208 1057 bathaib?elttlttttt‘ttltltbettlt

72 1049 155 1140 ’σίντην
176 1047 232 1117 οὖν
252 1048 268 1115 δ
291 1053 415 1136 Κρίτων
437 1058 466 1115 et
486 1074 560 1138 quae
581 1075 642 1139 seq.
686 1051 753 1118 Hae
774 1053 877 1119 laudes
903 1055 1035 1143 profecto
1056 1076 1117 1120 non
1136 1076 1208 1122 con·

72 1136 163 1202 iniunt
183 1158 246 1201 eum
268 1136 312 1201 iis
329 1136 518 1219 criminibus,
539 1158 614 1222 quae
635 1137 663 1202 ei
685 1138 735 1202 alii
756 1139 910 1203 obiiciunt:
931 1139 985 1205 scd
1005 1138 1057 1204 illo
1077 1146 1208 1230 tempore

72 1221 169 1293 thenis
200 1221 232 1286 in
262 1227 343 1285 tanta
369 1221 493 1310 partium
523 1221 619 1286 studio
640 1243 699 1286 non
726 1244 796 1286 raro
823 1222 965 1288 accidisse
985 1224 1134 1306 videmus,
1175 1229 1208 1288 ut

72 1306 88 1373 i
115 1306 152 1389 ab
185 1306 251 1370 aliis
276 1303 310 1370 in
335 1305 446 1370 coelum
475 1325 567 1391 usque
594 1306 728 1371 laudibus
755 1307 924 1391 tolleretur,
966 1307 1044 1373 idem
1075 1307 1207 1373 ab‘aliis

72 1392 139 1475 nnis
159 1390 280 1478 generis
301 1388 463 1454 maledictis
485 1390 731 1480 proscinderetur.
764 1390 823 1455 llic
843 1412 907 1457 cum
928 1392 968 1456 ad
987 1391 1135 1457 civitatem
1154 1392 1208 1458 ad·

72 1474 271 1565 inistrandam
294 1474 487 1557 accessisset,
529 1497 666 1562 magnam
698 1477 851 1564 pecuniam
881 1475 1027 1565 publicam
1054 1477 1206 1586 surripuit,

72 1558 117 1649 ped
139 1556 253 1646 Lysias
273 1559 304 1623 ei
323 1561 485 1648 exprobrat
508 1559 542 1622 in
562 1559 697 1623 oratione
718 1560 748 1623 in
771 1560 955 1627 Alcibiadem
975 1583 1001 1626 c
1022 1561 1080 1628 25:
1107 1564 1208 1637 Ουτος

72 1654 98 1732 ἰρ
128 1652 200 1718 παῖς
224 1643 281 1724 μὲν
304 1640 349 1707 ὢν
374 1641 450 1729 παρ’
471 1638 646 1729 Ἅρχεδήμω
672 1646 717 1730 τῷ
742 1639 905 1723 Ιλιίμωνι,
945 1644 1004 1708 oda
1031 1642 1118 1731 δλίγα
1145 1650 1208 1710 τῶν
1234 1657 1237 1662 ’

72 1727 194 1813 ιετίρων
222 1723 431 1814 ὑφῃρημένῳ,
474 1731 596 1792 πολλῶν
627 1706 771 1791 ιι’)ιδντων
799 1724 918 1805 terve,
960 1725 1021 1792 dno
1047 1734 1092 1817 τῷ
1121 1729 1208 1818 αυτῷ

72 1808 197 1899 ριδματι
223 1813 450 1894 κατακείμενος,
473 1807 610 1892 ἐκώμαζε
630 1751 667 1876 db
684 1807 761 1893 μεθ’
784 1808 916 1898 ἡμέραν,
942 1809 1058 1896 ἄνηβος
1082 1811 1208 1900 ἑταίραν
1322 1812 1325 1816 ⁴

72 1922 131 1974 ων,
172 1895 358 1979 μιμούμενος
390 1895 463 1973 τοὺς
495 1894 609 1961 ἑαυτοῦ
648 1891 827 1982 προγόνους,
871 1898 921 1960 καί
953 1891 1119 2009 ἧγοδμενος
1151 1899 1208 1962 σιἰκ

72 2009 77 2032 ι
97 1978 269 2063 directior,
299 1979 502 2067 πρεσβύτερος
522 1978 582 2064 ὤν,
612 1979 754 2066 λαμπρὸς
773 1981 929 2064 γενέσθαι,
957 2005 983 2045 ει
1003 1980 1047 2064 μὴ
1068 1982 1135 2057 νίος
1154 1980 1207 2058 cliv,

72 2062 379 2152 ›medracordd‘gaee
400 2063 485 2130 εἶναι.
505 2065 584 2130 unde
604 2065 693 2130 etiam
714 2066 744 2130 id
765 2067 970 2130 coenoseimus
990 2065 1206 2132 Archedemum

72 2173 117 2216 mc
139 2152 411 2216 amatoreml'uisse
431 2144 596 2215 Alcibiadis
618 2150 752 2214 iunioris.
786 2115 1013 2216 libtentissimus
1036 2158 1131 2216 autem
1151 2152 1208 2216 luit

92 2236 221 2318 civitate,
242 2243 395 2321 antequam
410 2234 572 2299 dominatos
594 2235 719 2323 triginta
741 2236 868 2301 virorum
890 2238 1126 2319 constitueretur,
1145 2236 1206 2301 vid.

72 2321 142 2385 risto
162 2319 256 2384 hanes
277 2321 308 2382 in
329 2319 425 2384 Ranis
446 2340 475 2385 v.
492 2317 571 2385 423:

156 2407 202 2466 υνὶ
225 2406 258 2468 δὲ
279 2406 456 2488 δημαγωγεῖ
985 2432 1000 2468 o

119 2490 171 2551 Ἕν
191 2499 255 2564 τοῖς
275 2485 339 2552 ι’ίνω
366 2497 521 2574 νεκροῖσιν,

125 2572 304 2639 licinus-col
325 2579 433 2658 πριῖπα
453 2579 509 2655 τῆς
536 2573 598 2636 ἐκεῖ
613 2571 799 2655 μοχθηρίας.

72 2697 119 2740 em
145 2675 217 2757 fnit,
260 2675 308 2761 qui
349 2681 396 2739 ost
419 2694 550 2774 pugnam
571 2671 609 2736 ad
628 2669 800 2758 Arginusas
828 2668 975 2736 accusavit
999 2669 1203 2754 Erasinidem,

72 2759 98 2831 d,
119 2757 285 2846 Xenophon
339 2760 464 2824 ellcmca
482 2757 507 2823 1.
529 2759 561 2838 7,
582 2759 617 2820 2:
643 2754 845 2840 Ἀρχίδημος,
866 2752 934 2822 τότε
955 2755 1150 2841 προεστηκὼςΥ
1174 2758 1206 2818 ἓν

72 2839 194 2925 θήναις,
225 2847 288 2909 καὶ
315 2850 371 2952 της
394 2842 555 2916 Δεκελείας
584 2838 832 2921 ἐπιμελούμενος,
861 2838 1034 2927 Ἐρασινίδῃ
1060 2840 1206 2921 ἐπιβολὴν

72 2925 209 3010 ειβαλοίν,
236 2953 395 3015 κατηγορει
417 2929 448 2993 ίν
469 2927 668 3011 δικαστηρίῳ,
690 2924 817 3010 φάσκων
837 2924 870 3001 ἐξ
884 2921 1109 3008 Ἑλλησπόντου
1130 2923 1207 3006 ἴχειν

72 3011 202 3097 ιη’ματα,
230 3010 305 3078 δ’ντα
325 3019 380 3078 τοῦ
403 3009 517 3095 δήμου·
545 3007 703 3095 κατηγόρει
725 3010 759 3074 δὲ
779 3011 831 3074 καλ
850 3012 918 3094 περί
938 3017 993 3094 τῆς
1012 3014 1206 3095 στρατηγίας.

121 3147 199 3214 Illud
226 3169 338 3233 quoque
364 3146 494 3235 apprimo
521 3145 674 3227 convenit,
708 3144 783 3231 quod
811 3143 939 3233 Eupolis
960 3147 992 3208 in
1018 3143 1074 3209 heo
1105 3143 1207 3208 fabula

72 3230 486 3379 {dfflpblfflfflmfimffl'stvigp
494 3229 554 3378 rip.
574 3227 748 3389 Agtherpppps
769 3227 824 3336 Ψ.
845 3250 874 3318 p.
896 3229 960 3295 loo
980 3227 1023 3294 B:
1066 3228 1206 3313 Καρίδος

72 3342 167 3391 nauco
185 3341 284 3398 μινως
304 3340 418 3402 ειρηκιν
466 3339 525 3378 vno
545 3337 572 3390 ις
608 3338 627 3378 υ
681 3339 738 3377 ιιν
758 3333 869 3390 ουτως·

643 3398 744 3482 Πλὴν

114 3482 213 3561 Ἅπαξ
234 3480 305 3549 ποτ’
329 3485 368 3549 ἐν’
385 3483 524 3561 Φαίακος
543 3481 659 3570 ἔφαγον
680 3483 817 3568 καρίδας.

72 3611 104 3654 m
125 3587 251 3652 Phaeax
272 3607 384 3673 quoque
407 3570 485 3650 circa
506 3583 710 3674 Olympiadem
722 3581 887 3649 LXXXlX
907 3583 1034 3648 maxime
1049 3581 1203 3648 inclaruit:

72 3727 76 3738 .
97 3672 315 3761 Aristophanes
336 3673 369 3735 in
390 3669 544 3755 Equitibus
565 3691 594 3736 v.
616 3667 701 3734 1374
720 3669 801 3733 illum
823 3667 937 3756 attigit:

122 3756 173 3821 Τὰ
192 3753 335 3842 μειριίκια
356 3757 443 3820 ταυτὶ
464 3753 559 3839 λίγα,
579 3749 637 3817 τᾶν
658 3759 702 3841 τῷ
722 3749 822 3840 μιλριρ,

112 3839 151 3906 Ἅ
171 3848 372 3922 στωμυλεῖται
393 3843 492 3904 τοιαδὶ
514 3835 689 3922 καθήμενα·

118 3923 224 4012 rapte
244 3925 276 4008 γ’
300 3921 316 3990 δ
341 3926 444 4000 Φαίαξ
464 3926 568 4001 δεξιῶς
587 3919 617 3988 τ’
643 3919 698 3987 οὒκ
718 3920 881 3997 ἀπέθανεν,

117 4010 300 4087 Ξυνεκτικδς
319 4008 377 4096 γάρ
398 4011 462 4075 ἔστι
483 4010 534 4072 καὶ
556 4005 732 4095 περαντικδς

117 4099 185 4160 Καί
205 4095 432 4180 γνωμοτυπικὸς
453 4092 596 4180 κᾶσαφὴς
616 4095 668 4157 καλ
689 4090 868 4177 κρουστικδς

115 4177 356 4263 ,Καταληπτικός
376 4178 406 4244 τ’
430 4177 540 4265 δίριστα
561 4182 618 4245 soii
638 4179 860 4264 θορυβητικοῦ.

72 4267 174 4334 ‚enim
201 4266 276 4331 haec
303 4265 460 4333 scribenda
484 4264 598 4350 iudico,
624 4263 715 4352 vulgo
742 4255 930 4349 ξυνερκτικὸς
955 4254 1085 4344 legitur,
1127 4252 1202 4338 quod

953 4359 996 4424 22
