2760 4792
314 253 372 319 DE
393 251 536 327 naulo.
558 250 745 319 comodo.
768 249 875 319 ATT.
896 251 1042 328 ANTIQ·
1214 255 1255 321 ot

74 425 224 492 (Acharn.
246 442 275 488 v.
295 423 369 489 670.
389 430 419 487 et
438 421 531 514 Vesp.
551 418 624 489 447.
645 443 683 486 ne
703 443 740 486 ue
760 421 877 507 quando
899 421 1044 507 vixerint,
1071 442 1166 507 neque
1187 442 1259 508 qna·

88 511 136 576 les
156 508 269 574 fuerint
288 510 489 595 cognovimus.
529 507 593 572 Iam
614 507 663 572 hic
684 443 878 593 ihucydides
905 528 944 571 ne
970 507 1003 570 in
1024 514 1175 574 senectute
1195 508 1260 596 qui-

89 596 157 660 dem
185 593 395 739 haucpuillitate
415 613 486 657 usus
508 599 567 656 est:
600 612 669 655 nam
694 613 799 655 rursus
824 592 940 656 videtur
960 591 992 654 in
1013 592 1152 657 iudicium
1172 614 1260 657 voca·

89 687 138 743 tus
159 700 178 742 a
200 677 263 765 Cep
285 678 402 742 isodoro
424 677 548 763 quodam
575 698 636 741 non
663 677 753 740 multo
775 681 843 741 ante
864 676 982 765 Olymp.
1002 675 1207 745 LXXXVIII.
1227 679 1258 744 3.
1288 705 1292 711 ·

88 762 308 864 Aristophanes
340 763 419 826 euim
449 762 482 826 in
512 759 757 826 Acharnensibus
782 781 812 825 v.
838 763 911 826 703.
939 781 999 826 non
1025 762 1144 826 videtur
1169 762 1259 828 alium

89 870 176 934 quem
192 846 375 934 intelligere,
396 867 480 932 quem
502 867 567 909 cum
586 845 716 910 Melesia
742 845 966 934 comparaverit,
997 848 1050 913 sed
1067 846 1160 936 ipsius
1172 847 1260 914 Thu-

90 932 205 1021 cydidis
233 931 427 995 calamitatem
448 930 616 1019 deplorare:

178 1019 233 1102 Τῷ
253 1013 313 1100 γάρ
336 1013 414 1091 εἰκός
435 1013 533 1100 άνδρα
554 1012 667 1102 κυφόν,
691 1011 796 1095 ηλίκον
819 1015 1057 1100 Θοακυδίδην,’,

170 1097 352 1175 'Erotio-ilar
373 1099 589 1182 συμπλακέντα
608 1104 646 1181 τῆ
668 1103 803 1163 Σκυδῶν
823 1101 944 1189 ἐρημίη,

177 1186 268 1271 Τῷδε
287 1190 332 1272 τῷ
353 1181 586 1273 Κηφισοδήμῳ,
611 1190 655 1273 τῷ
676 1182 760 1247 λάλω
782 1180 956 1270 ξυνηγόρω;

169 1266 260 1334 ‘illoc'
283 1268 340 1354 ἐγώ
359 1271 416 1352 μέν
435 1269 551 1354 ἠλέησα
572 1247 810 1356 κάπεμορξάμην
831 1251 929 1335 δδιδνι

168 1351 298 1441 ’Ἀνδρα
319 1351 494 1441 πρεσβύτην
513 1351 569 1418 ὕπ’
593 1354 705 1439 ἀνδρὸς
725 1351 852 1431 τοξότου
873 1350 1055 1437 κυκώμενον,

167 1436 226 1515 Ὃς
245 1440 291 1521 μὰ
311 1439 366 1523 τὴν
386 1438 547 1524 Δήμητρ’,
577 1440 687 1516 ἐκεῖνος
705 1436 784 1522 ἡνίκ’
808 1431 846 1523 ἦν
869 1441 1071 1524 Θουκυδίδης,

91 1555 94 1558 ·
181 1524 260 1588 Οὐδ’
284 1522 321 1589 div
341 1523 438 1605 αότὴν
457 1525 514 1608 τὴν
529 1522 670 1607 Ἀχαίαν
692 1523 806 1614 ῥηιδίως
826 1523 962 1607 ἠνίσχετ’
986 1525 1032 1603 όν,

172 1607 278 1674 Ἀλλά
300 1609 518 1674 κατεπάλαισεν
539 1606 577 1672 ἂν
596 1611 653 1689 μίν
671 1617 794 1694 πρῶτον
815 1606 981 1686 Εὐάθλους
1002 1610 1086 1691 δίκα,

177 1689 357 1774 Κατεβόησε
379 1696 397 1756 δ
404 1694 415 1719 ³
440 1692 478 1755 dv
499 1693 651 1776 κεκραγώς
671 1692 800 1768 τοξότας
819 1696 1013 1776 τρισχιλίους,

176 1775 411 1863 Περιετόξευσεν
433 1776 464 1838 δ’
488 1774 526 1838 dv
548 1775 721 1838 αὐτοῦτοῦ
743 1775 859 1858 πατρὸς
878 1777 952 1851 τοὺς
973 1781 1127 1861 ξυγγενεῖς.

89 1862 170 1928 Nam
191 1861 245 1925 illa
264 1861 357 1924 verba
377 1861 488 1934 ίκεῖνος
507 1854 585 1941 ἡνίκ’
609 1850 647 1940 ἦν
672 1859 864 1941 Θουκυδίδης
885 1868 955 1923 sunt
974 1883 1039 1926 cum
1058 1864 1173 1950 insigni
1190 1886 1261 1950 qua·

89 1947 160 2012 dam
184 1946 330 2032 gravitate
351 1944 443 2023 dicta3
466 1944 637 2031 significant
657 1945 737 2007 enim
763 1949 826 2007 illo
848 1959 1005 2023 tempore,
1040 1969 1103 2028 φυο
1131 1948 1261 2032 Thucy·

90 2035 190 2093 didas
201 2053 278 2094 uere
289 2044 366 2092 erat
383 2029 603 2112 Thucydides.
644 2027 728 2094 Idem
749 2029 870 2094 exilium
884 2050 989 2098 rursus
1010 2031 1159 2120 respicere
1178 2033 1261 2098 vide·

89 2123 141 2180 tur
160 2120 248 2205 poeta
268 2114 301 2178 in
320 2113 432 2202 Vespis
450 2134 480 2179 u.
502 2113 581 2179 odo:

181 2198 247 2262 Οὐκ
269 2195 343 2262 ἀλλ’
365 2195 459 2263 ἐκεῖνό
479 2223 534 2280 μοι
556 2200 643 2263 δοκεῖ’
659 2199 854 2279 πεπονδίναι,

169 2280 265 2390 Ὅπερ
286 2282 359 2347 ποτὲ
380 2280 500 2368 φεύγων
520 2281 619 2348 ἔπαθε
643 2286 696 2348 καί
720 2286 914 2367 Θουκυδίδης

171 2365 395 2452 Ἀποπληκτος
416 2369 560 2454 ἐξαίφνης
580 2368 694 2453 ἐγίνετο
715 2369 771 2446 τὰς
790 2367 937 2455 γνάθους.

90 2473 167 2540 quae
193 2454 370 2543 interpretes
397 2454 474 2518 male
501 2453 539 2519 ad
572 2455 775 2519 ostracismum
805 2456 954 2519 referunt:
986 2454 1135 2541 commode
1161 2462 1261 2522 tamen

92 2537 253 2603 scholiasta
273 2539 404 2602 servavit
423 2538 574 2603 Idomenei
594 2539 806 2622 testimonium,
828 2560 868 2604 ex
889 2559 945 2623 quo
967 2541 1040 2603 satis
1062 2540 1188 2605 dilucide
1209 2562 1227 2605 a

89 2629 192 2730 paret,
225 2624 281 2687 hoc
309 2623 431 2687 exilium
453 2623 600 2687 diversum
622 2645 690 2688 esse
711 2625 865 2712 aprione:
901 2622 971 2687 dicit
991 2631 1101 2689 autem:
1137 2621 1207 2690 Ὅτι
1246 2625 1262 2688 ἒ

91 2733 111 2773 ο
128 2704 314 2790 Ἀθηναίων
344 2708 443 2788 δῆμος
463 2707 622 2793 ἀειφυγίαν
648 2706 745 2772 αὐτοῦ
772 2707 941 2793 καταγνοὺς
965 2709 1111 2791 ἐδήμευσε
1130 2707 1186 2792 τὴν
1207 2709 1263 2772 ori-

43 2869 47 2873 ,
90 2794 163 2858 σίαν
184 2795 234 2855 καὶ
255 2788 303 2856 ὅτι
324 2791 402 2877 πρὸς
417 2793 632 2878 Ἀρταξέρξην
651 2783 705 2876 ἧκε
725 2792 861 2878 φεάγιυν,
882 2793 980 2878 σαφὲς
1001 2792 1263 2876 ποιεῖἽδομενεδς

90 2876 145 2942 διά
166 2882 222 2941 τοῦ
242 2874 279 2958 β’
300 2875 355 2940 τὸν
375 2873 490 2962 τρόπον
513 2883 637 2942 τοῦτον·
679 2878 747 2955 „Oi
771 2878 876 2958 μέντοι
893 2878 1067 2960 Ἀθηναῖοι
1092 2877 1262 2943 αὐτοῦκαὶ
1297 2904 1300 2911 ·

90 2962 199 3046 γένους
220 2960 380 3046 ἀειφυγίαν
401 2962 592 3046 κατέγνωσαν
612 2959 811 3048 προδιδόντος
836 2961 892 3046 τὴν
913 2960 1063 3041 Ἑλλάδα,
1090 2965 1142 3026 καὶ
1163 2961 1261 3026 αὐτοῦ

90 3043 113 3130 ἡ
140 3045 231 3111 οὐσία
258 3043 425 3130 ἐδημεύθη.
433 3055 453 3085 “
502 3047 581 3112 Nam
606 3048 633 3111 is
655 3047 705 3132 qui
725 3053 866 3112 testarum
886 3046 1032 3135 suffragio
1060 3046 1263 3130 damnabatur,
1329 3096 1331 3100 -

90 3152 189 3217 neque
210 3133 389 3219 sempiterno
410 3132 501 3196 exilio
522 3132 715 3215 multabatur,
746 3154 841 3197 neue
866 3152 939 3197 vero
966 3132 1052 3197 bouis
1081 3131 1262 3233 privabatur.

91 3215 289 3303 Thucydides
322 3216 436 3304 igitur,
481 3224 514 3280 ut
545 3216 677 3299 videtur,
720 3238 740 3280 a
773 3153 977 3304 dephisodoro
1016 3217 1050 3281 in
1088 3236 1136 3280 rus
1173 3236 1262 3281 voca·

92 3307 157 3383 tus,
191 3300 268 3385 quod
294 3307 345 3365 aut
364 3301 610 3366 Lacedaemoniis
638 3305 688 3365 aut
714 3301 844 3367 fortasse
863 3302 969 3367 Persis
988 3300 1115 3390 patriam
1144 3300 1264 3366 madere

91 3385 237 3468 voluerit,
270 3387 405 3473 confugit
426 3386 464 3450 ad
489 3385 709 3468 Artaxerxem,
738 3385 901 3451 Persarum
922 3407 1036 3474 regem.
1077 3385 1198 3451 Posteri
1217 3391 1263 3451 ta-

92 3491 162 3537 men
174 3470 280 3535 eiusin
293 3472 418 3559 patrium
434 3477 503 3534 sunt
512 3471 655 3536 restituti:
675 3491 745 3534 nam
766 3470 803 3534 de
815 3471 876 3535 filio
897 3469 1027 3535 Melesia
1047 3468 1263 3536 diceturinfra

180 3553 243 3625 Sed
268 3564 301 3618 ut
321 3577 361 3619 ex
379 3555 428 3619 his
454 3554 610 3640 aliquando
631 3556 821 3620 amfractibus
842 3555 935 3619 oratio
956 3555 994 3619 ad
1014 3554 1194 3644 propositum
1214 3575 1264 3619 re·

93 3646 243 3722 vertatur,
277 3640 389 3704 Thurii
415 3639 467 3703 illo
495 3647 625 3729 tempore
652 3647 744 3704 tutum
764 3640 821 3704 fuit
840 3640 1009 3738 perfugium
1030 3640 1181 3722 omnibus,
1213 3638 1264 3725 qui

92 3744 194 3790 rerum
222 3730 273 3788 aut
299 3725 522 3789 domesticarum
550 3733 600 3789 aut
624 3726 805 3814 publicarum
835 3724 997 3789 calamatate
1025 3723 1124 3810 aliqua
1146 3723 1265 3789 labora·

94 3815 176 3874 rent:
219 3809 354 3898 inprimis
375 3831 447 3874 vero
469 3808 552 3874 multi
571 3809 789 3892 Athenienses,
816 3809 866 3895 qui
886 3809 935 3873 vel
955 3809 1115 3900 potentiam
1134 3807 1263 3873 Periclis
1279 3849 1281 3854 ,

95 3899 126 3964 et
146 3893 267 3959 nimiam
287 3895 346 3958 iam
366 3894 515 3982 popularis
537 3895 652 3983 imperii
673 3895 821 3959 licentiam
848 3893 1096 3974 extimescehant,
1130 3892 1181 3957 vel
1202 3891 1265 3957 ala-

91 3979 140 4042 'cri
165 3977 322 4066 cupiditate
350 3986 379 4042 et
405 4000 457 4080 spe
484 3979 614 4043 melioris
637 3980 811 4044 conditionis
833 3979 1036 4067 agitabantur,
1069 3977 1204 4044 Thurios
1230 3996 1265 4043 se

96 4062 291 4129 contulerunt.
333 4062 401 4128 Hoc
421 4064 514 4150 agitur
533 4065 649 4129 videtur
671 4062 810 4128 Cratinus
831 4065 863 4126 in
884 4064 940 4127 huc
960 4063 1062 4127 fabula
1080 4061 1265 4150 potissimum

96 4168 112 4211 s
132 4148 292 4229 cctavisse,
324 4148 402 4212 unde
424 4148 633 4233 Δραπεείδες,
653 4154 830 4230 fugitivae
851 4154 1024 4223 mulieres,
1045 4147 1189 4235 inscripta
1210 4151 1266 4209 est.

126 4232 204 4296 uerit
215 4239 309 4296 autem
320 4254 381 4298 non
392 4232 482 4298 multo
493 4241 560 4322 post
570 4234 687 4322 Olymp.
694 4232 867 4298 LXXXIII.
878 4229 1143 4300 aauthxxxtv.
1151 4228 1265 4294 adam

97 4316 167 4381 Non
188 4323 287 4382 tamen
313 4317 431 4384 videtur
450 4339 558 4384 revera
577 4318 717 4386 mulieres
739 4315 880 4384 Cratinus
900 4317 934 4384 in
955 4336 1075 4387 socnam
1093 4312 1265 4393 monnau,
