2768 4770
249 224 309 306 ou
330 213 474 303 annin
495 199 685 298 conone.
709 221 818 297 eur.
838 226 985 306 numo.
1149 231 1213 298 aas

74 414 202 482 :magne
214 389 808 494 parteAthenaeuslibroXthidBA.
829 392 1031 464 Versu3sori
1051 396 1215 479 οἰκιημῒδε

75 483 105 566 pt
128 473 250 564 σφόρον
271 476 472 562 όρθροῦνται,
494 477 587 566 vulgo
608 477 720 565 legitur
740 481 882 561 κνημίδες
902 480 946 559 δί,
967 417 1050 566 quod
1059 481 1215 548 Por-sonus

87 561 262 630 Erfurdtius
283 562 326 626 ita
347 569 559 644 correxerunt,
580 569 613 628 ut
633 564 740 645 κνημίς
756 565 791 628 δὲ
810 567 878 649 περὶ
899 560 1020 651 σφόρον
1039 563 1216 651 ολρδροῦται

74 650 218 714 riderent:
251 653 282 710 at
303 647 398 710 dualis
431 648 726 711 numerus-maxime
746 650 902 731 convenit,
928 671 950 714 n
987 671 1025 714 ue
1045 652 1216 717 necessaria

74 741 86 799 t
107 731 252 822 particula
273 729 324 809 δέ,
352 751 426 815 quae
452 730 486 796 in
512 730 612 796 vivida
640 733 815 820 praesertim
840 742 926 820 atque
982 733 1044 800 acri
1071 735 1214 819 oratione,

74 819 90 884 i
117 816 202 916 ptura
223 814 422 880 enumerando
444 822 671 903 percenseatur,
701 835 762 880 non
789 835 858 882 raro
886 818 1037 887 omittitur.
1077 819 1124 886 Itu
1149 821 1214 910 ipse

74 898 534 1067 erqtklppdlslflzpddo’dgdptggzssff
545 898 792 1067 άόλδνῖάαξέγει
813 983 893 1048 κατά
913 989 1041 1066 πρᾶσιν*

120 1065 166 1135 ‘H
176 1063 285 1143 Ῥόδος
305 1067 480 1153 ἀσταφίδας
500 1092 532 1132 τε
553 1071 604 1132 καί
633 1065 762 1150 ἰσχάδας
782 1064 990 1155 ἡδυονείρους·

124 1152 236 1234 Αὐτὰρ
259 1150 317 1215 ἀπ’
341 1152 477 1234 Εὐβοίας
499 1151 608 1230 ἀπίους
633 1156 683 1216 καί
705 1153 775 1238 ίφια
795 1159 896 1235 μῆλα·

120 1234 307 1321 Ἀνδρόποδ
332 1238 366 1302 ἔκ
391 1238 541 1322 Φρυγίας,
563 1237 624 1302 dno
646 1237 677 1302 δ’
696 1237 861 1324 Ἀρκαδίας
881 1233 1070 1325 δπικοόρους.

123 1322 172 1389 Ai
192 1324 342 1406 Παγασαί
365 1318 495 1398 δούλους
516 1324 567 1385 καί
593 1323 773 1405 στιγματίας
795 1324 987 1406 παρέχουσιν.

128 1407 196 1482 Τάς
217 1407 251 1470 δὲ
272 1405 350 1482 Διδς
375 1404 530 1487 βαλάνους
559 1409 610 1470 καί
640 1404 804 1491 ἀμόγδαλα
833 1406 1012 1491 σιγαλόεντα
1077 1412 1080 1419 “

124 1488 333 1577 Παφλαγόνες
354 1490 535 1575 παράχρουν
556 1491 596 1554 τά
616 1489 675 1576 γάρ
696 1490 728 1557 τ’
753 1488 942 1576 άναθήματα
963 1491 1085 1569 δαιτός’

129 1577 257 1658 Φοινίκη
278 1575 395 1658 καρπὸν
412 1578 548 1661 φοίνικος
567 1577 619 1639 καί
639 1577 808 1657 σεμίδαλιν.

74 1710 78 1721 .
125 1658 303 1745 Καρχηδὼν
324 1659 455 1736 δάπιδας
477 1661 528 1724 καί
550 1659 673 1725 ποικίλα
693 1655 938 1746 προσκεφάλαια.

74 1760 268 1828 adrevertus
293 1761 329 1826 ad
358 1760 427 1824 illos
455 1766 646 1847 anapaestos,
665 1754 713 1827 'ad
735 1780 807 1846 quos
834 1760 979 1845 fortasse,
1007 1759 1035 1830 si
1062 1785 1213 1832 numerum

74 1853 161 1912 tectas
188 1845 275 1910 etiam
300 1845 374 1909 illud
405 1843 594 1910 referendum
621 1849 683 1929 est,
724 1844 802 1932 quod
827 1843 939 1933 legitur
966 1847 1041 1936 apud
1063 1847 1215 1916 Pollucem

74 1976 82 1998 .
104 1931 168 1998 1³6
190 1951 229 1994 ex
249 1931 305 1994 hac
325 1929 427 1995 fabula
447 1930 583 2020 petitnmz

123 2008 238 2096 ‘Potae'
260 2014 444 2090 δπίκλωσας.
584 2031 586 2033 '

75 2097 95 2166 d
115 2099 240 2165 eandem
260 2099 337 2164 hanc
357 2100 487 2165 fabulam
499 2099 681 2166 revocandos
702 2119 810 2166 censeo
825 2098 913 2165 etiam
925 2099 998 2165 duos
1020 2101 1214 2190 septenarios,

74 2204 117 2250 ros
144 2184 318 2249 Athenaeus
344 2185 385 2250 ΙΙ.
411 2208 440 2275 p.
461 2185 504 2251 56
523 2183 570 2269 Ε,
601 2185 653 2250 ubi
682 2185 732 2250 de·
745 2185 833 2251 olivis
860 2184 926 2274 egit
953 2189 1073 2252 nomine
1097 2187 1214 2273 quidem

74 2269 165 2337 dulae
186 2289 245 2334 non
267 2270 398 2352 adiecto,
419 2291 459 2335 ex
479 2269 643 2359 Hermippo
663 2269 834 2359 adseripsit:

123 2367 217 2433 Ὥστε
239 2372 446 2453 Μαραθῶνος
465 2367 501 2434 at
528 2369 637 2434 λὀιπδν
656 2368 706 2434 ἔπ’
730 2368 840 2458 ἀγαθᾷ
860 2370 1048 2452 μιμνημίνοι

130 2451 253 2530 Πάντες
275 2456 463 2534 ἐμβαλοῦσιν
483 2455 529 2517 ἀεὶ
550 2451 698 2539 μάραθον
719 2456 760 2530 εἰς
781 2454 837 2531 τὰς
861 2451 1012 2535 ἁλμάδας.

74 2553 131 2622 [aee
153 2554 230 2619 enim
253 2555 381 2620 arbitror
402 2577 441 2656 ex
468 2554 663 2655 epimhemate
683 2553 733 2619 rel
753 2554 1001 2654 antepirrhemate
1046 2557 1116 2659 etita
1135 2578 1215 2639 esse,

74 2640 787 2812 ttttdtddstttttdtttdttedt?
807 2641 1215 2811 ttttttu‘tdfttt

76 2809 145 2895 agis
165 2808 347 2909 popularium
369 2810 482 2873 animos
503 2808 595 2874 alacri
620 2808 774 2896 pugnandi
795 2808 951 2898 cupiditate
972 2810 1152 2901 incenderet
1172 2845 1216 2860 -

74 2909 117 2957 ¹uo
139 2892 198 2957 aha
218 2893 255 2958 de
268 2892 383 2959 Moeris
405 2894 584 2981 fragmenta,
605 2914 679 2978 quae
700 2892 827 2958 diversis
848 2892 921 2959 loeis
942 2895 1017 2983 apud
1029 2894 1217 2963 Athenaeum

74 2985 206 3080 guntur,
235 2977 356 3044 alterum
379 2977 433 3042 xl.
454 2977 570 3088 p.3476
590 2977 640 3041 D:
662 2977 727 3060 (ubi
748 2977 785 3043 de
808 2999 946 3042 cornuum
968 3000 1024 3044 usu
1045 2979 1215 3044 disseritur:

74 3085 239 3230 ᾗςίλᾜδέξλς
252 3064 340 3210 1ξοίὲ
344 3064 570 3232 αὸίίίλῐὲίὶὲξγῖδχς
595 3061 933 3232 ZXlE-qdmpalffffly,
942 3061 1219 3232 Χξδαριίλῐίξὸάῗίῦίδὲ

74 3232 253 3315 ἠλεκλείδου
274 3231 308 3294 ἐκ
328 3228 578 3317 Πρυτάνεων-
592 3227 772 3316 Ἕρμιππος
792 3232 947 3315 Μοίραις·
964 3228 1024 3295 Ἢν
1044 3232 1103 3315 ἓγολ
1123 3228 1218 3297 πάθω

74 3316 127 3401 ιλ.)
170 3314 245 3379 haec
271 3316 389 3400 inquam
414 3323 535 3406 propter
560 3315 675 3380 numeri
697 3321 728 3380 et
755 3316 920 3380 sententiae
940 3313 1160 3385 similitudinem
1185 3317 1219 3382 iu

74 3415 139 3466 num
160 3400 368 3487 coniungenda
388 3420 495 3465 censeo
516 3400 572 3465 hoc
592 3399 693 3466 modo:

139 3495 245 3565 Οἶσθα
266 3504 321 3564 νόν
343 3498 428 3582 όμοι
449 3500 505 3565 ποί
522 3524 595 3582 σονς
625 3495 715 3583 τήνδε
735 3524 790 3564 νυν
808 3493 853 3582 μή
873 3523 928 3581 μοι
949 3499 1046 3582 δίδον,

131 3582 185 3648 Ἐκ
206 3585 241 3649 δὲ
258 3591 314 3649 τοῦ
335 3585 462 3668 κίρατος
483 3611 523 3649 αυ
542 3609 596 3665 μοι
618 3583 672 3660 δδς
692 3594 770 3649 πιεῖν
789 3581 873 3661 dno}
892 3579 997 3666 μόνον.

125 3666 189 3733 Ἢν
210 3670 228 3732 δ
234 3668 243 3693 ²
268 3668 326 3754 ἐγὼ
347 3669 443 3734 πάθω
463 3695 493 3734 τι
519 3667 609 3751 τήνδε
629 3668 686 3750 τὴν
712 3668 865 3753 λεπαστὴν
896 3667 1017 3750 ε’κπιιόν,

137 3758 195 3842 Τῷ
215 3751 361 3842 Διονόσῳ
382 3751 482 3820 πάντα
502 3753 662 3837 τάμαυτοῦ
684 3750 969 3841 δίδωμι-χρήματα.

74 3875 142 3921 ersn
163 3858 185 3921 3
206 3855 377 3943 particulam
399 3854 432 3919 δὲ
452 3855 584 3938 inserui,
615 3875 787 3941 quamquem
808 3855 864 3920 hae
885 3854 973 3922 facile
995 3875 1097 3920 carere
1156 3872 1224 3917 ssu-

74 3961 128 4007 tus.
170 3939 288 4004 Iautbos
320 3940 462 4026 denique,
495 3961 567 4027 quos
594 3939 703 4004 Suidas
736 3960 766 4005 r.
786 3937 908 4022 Ἴακχος
938 3939 980 4007 T.
1001 3939 1042 4007 11.
1061 3960 1092 4028 p.
1185 3958 1225 4001 ex

74 4047 108 4090 ne
130 4024 287 4112 Hermippi
308 4025 409 4090 sabula
429 4026 558 4113 profert,
580 4024 623 4089 sie
644 4024 797 4089 emendes:
977 4036 980 4041 ’

139 4110 264 4186 Μείζαιν
284 4107 342 4194 γὰρ
364 4108 382 4190 ἢ
405 4117 459 4173 νῦν
480 4109 520 4191 δὴ
533 4107 615 4173 ”ow
647 4109 698 4172 καί
720 4109 807 4174 δοκεῖ
822 4106 854 4193 γ’
877 4109 955 4191 ίμοί,

134 4191 214 4256 Ἐάν
234 4217 264 4257 τι
286 4195 412 4279 ἐπιδιδῷ
433 4199 488 4277 τῆς
508 4191 639 4279 ἡμίροις,
661 4190 710 4257 ότι
818 4229 824 4239 ·

139 4280 265 4358 Μείζων
285 4275 330 4343 ἴτ’
354 4275 440 4344 όσται
460 4275 620 4358 Διαγόρου
639 4282 696 4346 τοῦ
720 4275 896 4367 Τερθρίνις.

982 4375 1026 4446 21
