<?xml version="1.0" encoding="UTF-8"?>
<!DOCTYPE html PUBLIC "-//W3C//DTD XHTML 1.0 Transitional//EN"
    "http://www.w3.org/TR/xhtml1/DTD/xhtml1-transitional.dtd">
<html xmlns="http://www.w3.org/1999/xhtml" xml:lang="en" lang="en">
 <head>
  <title>
</title>
<meta http-equiv="Content-Type" content="text/html;charset=utf-8" />
  <meta name='ocr-system' content='tesseract 3.04.00' />
  <meta name='ocr-capabilities' content='ocr_page ocr_carea ocr_par ocr_line ocrx_word'/>
</head>
<body>
  <div class='ocr_page' id='page_1' title='image "./commentationumd00berggoog_0308.png"; bbox 0 0 2760 4792; ppageno 0'>
   <div class='ocr_carea' id='block_1_1' title="bbox 50 874 233 948">
    <p class='ocr_par' dir='ltr' id='par_1_1' title="bbox 50 874 233 948">
     <span class='ocr_line' id='line_1_1' title="bbox 50 874 233 948; baseline 0.016 -3"><span class='ocrx_word' id='word_1_1' title='bbox 50 874 56 895; x_wconf 94' lang='lat'>&#39;</span> <span class='ocrx_word' id='word_1_2' title='bbox 148 903 233 948; x_wconf 92' lang='lat' dir='ltr'><strong>usum</strong></span> 
     </span>
    </p>
   </div>
   <div class='ocr_carea' id='block_1_2' title="bbox 144 201 985 276">
    <p class='ocr_par' dir='ltr' id='par_1_2' title="bbox 144 201 985 276">
     <span class='ocr_line' id='line_1_2' title="bbox 144 201 985 276; baseline -0.002 -3"><span class='ocrx_word' id='word_1_3' title='bbox 144 206 210 276; x_wconf 75' lang='lat' dir='ltr'><strong>aad</strong></span> <span class='ocrx_word' id='word_1_4' title='bbox 534 201 937 274; x_wconf 77' lang='lat' dir='ltr'><strong>COMMENTATIONES</strong></span> <span class='ocrx_word' id='word_1_5' title='bbox 971 208 985 235; x_wconf 79' lang='lat'>¹</span> 
     </span>
    </p>
   </div>
   <div class='ocr_carea' id='block_1_3' title="bbox 147 370 1315 1389">
    <p class='ocr_par' dir='ltr' id='par_1_3' title="bbox 147 370 1315 1389">
     <span class='ocr_line' id='line_1_3' title="bbox 147 370 1307 526; baseline -0.001 -86"><span class='ocrx_word' id='word_1_6' title='bbox 147 398 188 526; x_wconf 68' lang='lat' dir='ltr'><strong>pls</strong></span> <span class='ocrx_word' id='word_1_7' title='bbox 204 375 325 525; x_wconf 77' lang='lat' dir='ltr'><strong>lcpmicis</strong></span> <span class='ocrx_word' id='word_1_8' title='bbox 358 381 464 525; x_wconf 69' lang='lat' dir='ltr'><strong>3paster</strong></span> <span class='ocrx_word' id='word_1_9' title='bbox 485 372 639 441; x_wconf 86' lang='lat' dir='ltr'><strong>Cratinum</strong></span> <span class='ocrx_word' id='word_1_10' title='bbox 661 380 691 439; x_wconf 90' lang='lat' dir='ltr'><strong>et</strong></span> <span class='ocrx_word' id='word_1_11' title='bbox 710 373 941 463; x_wconf 75' lang='lat' dir='ltr'><strong>Aristophanem</strong></span> <span class='ocrx_word' id='word_1_12' title='bbox 961 370 1086 462; x_wconf 81' lang='lat' dir='ltr'><strong>Eupolis</strong></span> <span class='ocrx_word' id='word_1_13' title='bbox 1111 374 1189 462; x_wconf 89' lang='lat' dir='ltr'><strong>apud</strong></span> <span class='ocrx_word' id='word_1_14' title='bbox 1210 372 1307 439; x_wconf 79' lang='lat' dir='ltr'><strong>Sshal.</strong></span> 
     </span>
     <span class='ocr_line' id='line_1_4' title="bbox 176 481 395 526; baseline -0.009 0"><span class='ocrx_word' id='word_1_15' title='bbox 176 509 184 526; x_wconf 95' lang='lat'><strong>.</strong></span> <span class='ocrx_word' id='word_1_16' title='bbox 237 481 295 525; x_wconf 86' lang='lat' dir='ltr'><strong>.v.</strong></span> <span class='ocrx_word' id='word_1_17' title='bbox 386 483 395 524; x_wconf 78' lang='grc' dir='ltr'><strong><em>ι</em></strong></span> 
     </span>
     <span class='ocr_line' id='line_1_5' title="bbox 227 534 974 629; baseline -0.004 -20"><span class='ocrx_word' id='word_1_18' title='bbox 227 541 266 609; x_wconf 92' lang='lat'><strong>‘0</strong></span> <span class='ocrx_word' id='word_1_19' title='bbox 285 544 421 629; x_wconf 74' lang='grc' dir='ltr'><strong><em>μὲνγὰρ</em></strong></span> <span class='ocrx_word' id='word_1_20' title='bbox 443 534 497 608; x_wconf 64' lang='grc' dir='ltr'><strong><em>οἷον</em></strong></span> <span class='ocrx_word' id='word_1_21' title='bbox 518 543 612 628; x_wconf 71' lang='grc' dir='ltr'><strong><em>λέγων</em></strong></span> <span class='ocrx_word' id='word_1_22' title='bbox 632 537 777 629; x_wconf 74' lang='grc' dir='ltr'><strong><em>φάγωμεν</em></strong></span> <span class='ocrx_word' id='word_1_23' title='bbox 789 542 974 626; x_wconf 61' lang='grc' dir='ltr'><strong><em>»ἀναπτεροῖ</em></strong></span> 
     </span>
     <span class='ocr_line' id='line_1_6' title="bbox 149 624 1309 719; baseline -0.002 -26"><span class='ocrx_word' id='word_1_24' title='bbox 149 649 190 693; x_wconf 84' lang='lat' dir='ltr'><strong>ex</strong></span> <span class='ocrx_word' id='word_1_25' title='bbox 215 629 407 719; x_wconf 76' lang='lat' dir='ltr'>scriptoribus</span> <span class='ocrx_word' id='word_1_26' title='bbox 435 636 531 693; x_wconf 88' lang='lat' dir='ltr'><strong>autem</strong></span> <span class='ocrx_word' id='word_1_27' title='bbox 576 648 664 693; x_wconf 89' lang='lat' dir='ltr'><strong>resae</strong></span> <span class='ocrx_word' id='word_1_28' title='bbox 691 627 832 692; x_wconf 89' lang='lat' dir='ltr'><strong>orationis</strong></span> <span class='ocrx_word' id='word_1_29' title='bbox 853 626 1023 691; x_wconf 87' lang='lat' dir='ltr'><strong>Herodotus</strong></span> <span class='ocrx_word' id='word_1_30' title='bbox 1043 625 1084 690; x_wconf 92' lang='lat' dir='ltr'><strong>Il.</strong></span> <span class='ocrx_word' id='word_1_31' title='bbox 1105 626 1186 708; x_wconf 81' lang='grc'><strong>115,</strong></span> <span class='ocrx_word' id='word_1_32' title='bbox 1210 624 1309 691; x_wconf 85' lang='lat' dir='ltr'><strong>Xeno-</strong></span> 
     </span>
     <span class='ocr_line' id='line_1_7' title="bbox 147 709 1310 814; baseline -0.002 -37"><span class='ocrx_word' id='word_1_33' title='bbox 147 715 227 801; x_wconf 92' lang='lat' dir='ltr'><strong>phon</strong></span> <span class='ocrx_word' id='word_1_34' title='bbox 249 714 272 778; x_wconf 84' lang='lat' dir='ltr'>S</span> <span class='ocrx_word' id='word_1_35' title='bbox 296 734 388 802; x_wconf 91' lang='lat' dir='ltr'><strong>mpos.</strong></span> <span class='ocrx_word' id='word_1_36' title='bbox 408 712 513 795; x_wconf 64' lang='lat' dir='ltr'><strong>lxo,</strong></span> <span class='ocrx_word' id='word_1_37' title='bbox 567 712 655 778; x_wconf 89' lang='lat' dir='ltr'><strong>ellen.</strong></span> <span class='ocrx_word' id='word_1_38' title='bbox 675 711 732 777; x_wconf 87' lang='lat'><strong>111.</strong></span> <span class='ocrx_word' id='word_1_39' title='bbox 755 709 850 793; x_wconf 76' lang='grc'><strong>1,11,</strong></span> <span class='ocrx_word' id='word_1_40' title='bbox 872 711 991 814; x_wconf 89' lang='lat' dir='ltr'><strong>saepius</strong></span> <span class='ocrx_word' id='word_1_41' title='bbox 1011 711 1100 775; x_wconf 87' lang='lat' dir='ltr'><strong>eliam</strong></span> <span class='ocrx_word' id='word_1_42' title='bbox 1120 710 1310 775; x_wconf 74' lang='lat' dir='ltr'><strong>recentiores.</strong></span> 
     </span>
     <span class='ocr_line' id='line_1_8' title="bbox 147 736 1310 885; baseline -0.001 -23"><span class='ocrx_word' id='word_1_43' title='bbox 147 798 251 863; x_wconf 84' lang='lat' dir='ltr'><strong>Aristo</strong></span> <span class='ocrx_word' id='word_1_44' title='bbox 272 736 366 862; x_wconf 75' lang='lat' dir='ltr'><strong>lanes</strong></span> <span class='ocrx_word' id='word_1_45' title='bbox 394 805 490 863; x_wconf 65' lang='lat' dir='ltr'><strong>auam</strong></span> <span class='ocrx_word' id='word_1_46' title='bbox 516 819 590 862; x_wconf 89' lang='lat' dir='ltr'><strong>sane</strong></span> <span class='ocrx_word' id='word_1_47' title='bbox 615 796 732 863; x_wconf 88' lang='lat' dir='ltr'><strong>videtur</strong></span> <span class='ocrx_word' id='word_1_48' title='bbox 759 796 988 885; x_wconf 79' lang='lat' dir='ltr'><strong>reprehendmse</strong></span> <span class='ocrx_word' id='word_1_49' title='bbox 1013 794 1102 861; x_wconf 88' lang='lat' dir='ltr'><strong>nimis</strong></span> <span class='ocrx_word' id='word_1_50' title='bbox 1128 794 1310 881; x_wconf 74' lang='lat' dir='ltr'><strong>frequentem</strong></span> 
     </span>
     <span class='ocr_line' id='line_1_9' title="bbox 252 820 1311 969; baseline -0.002 -22"><span class='ocrx_word' id='word_1_51' title='bbox 252 820 345 948; x_wconf 72' lang='lat' dir='ltr'><strong>liuius</strong></span> <span class='ocrx_word' id='word_1_52' title='bbox 372 883 472 964; x_wconf 85' lang='lat' dir='ltr'><strong>verhi,</strong></span> <span class='ocrx_word' id='word_1_53' title='bbox 504 882 555 967; x_wconf 95' lang='lat' dir='ltr'><strong>qui</strong></span> <span class='ocrx_word' id='word_1_54' title='bbox 582 882 642 946; x_wconf 85' lang='lat' dir='ltr'><strong>ista</strong></span> <span class='ocrx_word' id='word_1_55' title='bbox 666 887 763 946; x_wconf 86' lang='lat' dir='ltr'><strong>aetate</strong></span> <span class='ocrx_word' id='word_1_56' title='bbox 784 880 938 946; x_wconf 82' lang='lat' dir='ltr'><strong>admodum</strong></span> <span class='ocrx_word' id='word_1_57' title='bbox 962 879 1167 969; x_wconf 84' lang='lat' dir='ltr'><strong>percrebuisse</strong></span> <span class='ocrx_word' id='word_1_58' title='bbox 1187 878 1311 961; x_wconf 83' lang='lat' dir='ltr'><strong>videtur,</strong></span> 
     </span>
     <span class='ocr_line' id='line_1_10' title="bbox 147 964 1261 1033; baseline -0.001 -3"><span class='ocrx_word' id='word_1_59' title='bbox 147 967 319 1033; x_wconf 88' lang='lat' dir='ltr'><strong>vocabulum</strong></span> <span class='ocrx_word' id='word_1_60' title='bbox 341 972 438 1033; x_wconf 65' lang='lat' dir='ltr'><strong>auam</strong></span> <span class='ocrx_word' id='word_1_61' title='bbox 458 966 687 1031; x_wconf 81' lang='lat' dir='ltr'><strong>Atheniensium</strong></span> <span class='ocrx_word' id='word_1_62' title='bbox 710 965 824 1030; x_wconf 88' lang='lat' dir='ltr'><strong>levitati</strong></span> <span class='ocrx_word' id='word_1_63' title='bbox 844 965 1172 1030; x_wconf 87' lang='lat' dir='ltr'><strong>accommodatissimum</strong></span> <span class='ocrx_word' id='word_1_64' title='bbox 1192 964 1261 1029; x_wconf 86' lang='lat' dir='ltr'><strong>luit.</strong></span> 
     </span>
     <span class='ocr_line' id='line_1_11' title="bbox 231 1049 1311 1137; baseline -0.001 -21"><span class='ocrx_word' id='word_1_65' title='bbox 231 1053 394 1117; x_wconf 87' lang='lat' dir='ltr'><strong>Praetereo</strong></span> <span class='ocrx_word' id='word_1_66' title='bbox 416 1051 490 1132; x_wconf 90' lang='lat' dir='ltr'><strong>alia,</strong></span> <span class='ocrx_word' id='word_1_67' title='bbox 511 1072 532 1115; x_wconf 94' lang='lat' dir='ltr'><strong>n</strong></span> <span class='ocrx_word' id='word_1_68' title='bbox 569 1072 606 1115; x_wconf 90' lang='lat' dir='ltr'><strong>ue</strong></span> <span class='ocrx_word' id='word_1_69' title='bbox 627 1050 707 1115; x_wconf 90' lang='lat' dir='ltr'><strong>enim</strong></span> <span class='ocrx_word' id='word_1_70' title='bbox 727 1071 801 1135; x_wconf 88' lang='lat' dir='ltr'><strong>quae</strong></span> <span class='ocrx_word' id='word_1_71' title='bbox 823 1049 997 1116; x_wconf 84' lang='lat' dir='ltr'><strong>dedicandi</strong></span> <span class='ocrx_word' id='word_1_72' title='bbox 1018 1070 1142 1137; x_wconf 78' lang='lat' dir='ltr'><strong>genere,</strong></span> <span class='ocrx_word' id='word_1_73' title='bbox 1164 1070 1221 1134; x_wconf 92' lang='lat' dir='ltr'><strong>quo</strong></span> <span class='ocrx_word' id='word_1_74' title='bbox 1243 1068 1311 1115; x_wconf 87' lang='lat' dir='ltr'><strong>usus</strong></span> 
     </span>
     <span class='ocr_line' id='line_1_12' title="bbox 148 1132 1313 1221; baseline -0.003 -20"><span class='ocrx_word' id='word_1_75' title='bbox 148 1141 195 1201; x_wconf 89' lang='lat' dir='ltr'><strong>est</strong></span> <span class='ocrx_word' id='word_1_76' title='bbox 224 1132 382 1218; x_wconf 83' lang='lat' dir='ltr'><strong>Cratinus,</strong></span> <span class='ocrx_word' id='word_1_77' title='bbox 411 1136 456 1201; x_wconf 92' lang='lat' dir='ltr'><strong>dis</strong></span> <span class='ocrx_word' id='word_1_78' title='bbox 477 1142 547 1199; x_wconf 86' lang='lat' dir='ltr'><strong>utan</strong></span> <span class='ocrx_word' id='word_1_79' title='bbox 567 1157 586 1198; x_wconf 90' lang='lat' dir='ltr'><strong>a</strong></span> <span class='ocrx_word' id='word_1_80' title='bbox 611 1140 713 1216; x_wconf 87' lang='lat' dir='ltr'><strong>erant,</strong></span> <span class='ocrx_word' id='word_1_81' title='bbox 732 1134 847 1199; x_wconf 81' lang='lat' dir='ltr'><strong>ordine</strong></span> <span class='ocrx_word' id='word_1_82' title='bbox 875 1140 905 1199; x_wconf 88' lang='lat' dir='ltr'><strong>et</strong></span> <span class='ocrx_word' id='word_1_83' title='bbox 930 1136 1046 1199; x_wconf 88' lang='lat' dir='ltr'><strong>ratione</strong></span> <span class='ocrx_word' id='word_1_84' title='bbox 1073 1140 1256 1221; x_wconf 87' lang='lat' dir='ltr'><strong>pertractare</strong></span> <span class='ocrx_word' id='word_1_85' title='bbox 1282 1134 1313 1197; x_wconf 96' lang='lat' dir='ltr'><strong>iu</strong></span> 
     </span>
     <span class='ocr_line' id='line_1_13' title="bbox 147 1156 1313 1307; baseline 0 -24"><span class='ocrx_word' id='word_1_86' title='bbox 147 1220 244 1301; x_wconf 83' lang='lat' dir='ltr'><strong>animo</strong></span> <span class='ocrx_word' id='word_1_87' title='bbox 271 1221 377 1301; x_wconf 87' lang='lat' dir='ltr'><strong>habui,</strong></span> <span class='ocrx_word' id='word_1_88' title='bbox 421 1156 476 1284; x_wconf 83' lang='lat' dir='ltr'><strong>sed</strong></span> <span class='ocrx_word' id='word_1_89' title='bbox 525 1240 598 1283; x_wconf 90' lang='lat' dir='ltr'><strong>auca</strong></span> <span class='ocrx_word' id='word_1_90' title='bbox 623 1219 779 1304; x_wconf 85' lang='lat' dir='ltr'><strong>quaedam,</strong></span> <span class='ocrx_word' id='word_1_91' title='bbox 820 1219 919 1307; x_wconf 90' lang='lat' dir='ltr'><strong>prouti</strong></span> <span class='ocrx_word' id='word_1_92' title='bbox 943 1219 1065 1284; x_wconf 83' lang='lat' dir='ltr'><strong>fortuito</strong></span> <span class='ocrx_word' id='word_1_93' title='bbox 1090 1218 1123 1282; x_wconf 91' lang='lat' dir='ltr'><strong>in</strong></span> <span class='ocrx_word' id='word_1_94' title='bbox 1149 1240 1188 1284; x_wconf 88' lang='lat' dir='ltr'><strong>ea</strong></span> <span class='ocrx_word' id='word_1_95' title='bbox 1210 1216 1313 1301; x_wconf 78' lang='lat' dir='ltr'><strong>incidi,</strong></span> 
     </span>
     <span class='ocr_line' id='line_1_14' title="bbox 147 1241 1315 1389; baseline -0.002 -20"><span class='ocrx_word' id='word_1_96' title='bbox 147 1305 279 1369; x_wconf 81' lang='lat' dir='ltr'><strong>delibare</strong></span> <span class='ocrx_word' id='word_1_97' title='bbox 307 1305 397 1369; x_wconf 89' lang='lat' dir='ltr'><strong>volui.</strong></span> <span class='ocrx_word' id='word_1_98' title='bbox 439 1241 523 1368; x_wconf 77' lang='lat' dir='ltr'><strong>Sedp</strong></span> <span class='ocrx_word' id='word_1_99' title='bbox 540 1308 695 1388; x_wconf 84' lang='lat' dir='ltr'><strong>antequam</strong></span> <span class='ocrx_word' id='word_1_100' title='bbox 723 1304 843 1368; x_wconf 88' lang='lat' dir='ltr'><strong>missum</strong></span> <span class='ocrx_word' id='word_1_101' title='bbox 869 1304 947 1368; x_wconf 88' lang='lat' dir='ltr'><strong>facio</strong></span> <span class='ocrx_word' id='word_1_102' title='bbox 975 1302 1146 1385; x_wconf 83' lang='lat' dir='ltr'><strong>Cratinum,</strong></span> <span class='ocrx_word' id='word_1_103' title='bbox 1178 1302 1230 1389; x_wconf 94' lang='lat' dir='ltr'><strong>qui</strong></span> <span class='ocrx_word' id='word_1_104' title='bbox 1256 1302 1315 1367; x_wconf 88' lang='lat' dir='ltr'><strong>iam</strong></span> 
     </span>
    </p>
   </div>
   <div class='ocr_carea' id='block_1_4' title="bbox 146 1386 1316 1623">
    <p class='ocr_par' dir='ltr' id='par_1_4' title="bbox 146 1386 1316 1623">
     <span class='ocr_line' id='line_1_15' title="bbox 147 1386 1315 1474; baseline 0.001 -24"><span class='ocrx_word' id='word_1_105' title='bbox 147 1389 235 1453; x_wconf 91' lang='lat' dir='ltr'><strong>nimis</strong></span> <span class='ocrx_word' id='word_1_106' title='bbox 256 1390 306 1455; x_wconf 93' lang='lat' dir='ltr'><strong>diu</strong></span> <span class='ocrx_word' id='word_1_107' title='bbox 333 1410 389 1453; x_wconf 91' lang='lat' dir='ltr'><strong>nos</strong></span> <span class='ocrx_word' id='word_1_108' title='bbox 410 1388 573 1453; x_wconf 84' lang='lat' dir='ltr'><strong>detinuisse</strong></span> <span class='ocrx_word' id='word_1_109' title='bbox 599 1387 750 1452; x_wconf 89' lang='lat' dir='ltr'><strong>nonnullis</strong></span> <span class='ocrx_word' id='word_1_110' title='bbox 771 1388 933 1474; x_wconf 85' lang='lat' dir='ltr'><strong>videbitur,</strong></span> <span class='ocrx_word' id='word_1_111' title='bbox 980 1409 1054 1452; x_wconf 88' lang='lat' dir='ltr'><strong>auca</strong></span> <span class='ocrx_word' id='word_1_112' title='bbox 1078 1386 1220 1474; x_wconf 89' lang='lat' dir='ltr'><strong>quaedam</strong></span> <span class='ocrx_word' id='word_1_113' title='bbox 1234 1386 1315 1452; x_wconf 86' lang='lat' dir='ltr'><strong>&#39;suh-</strong></span> 
     </span>
     <span class='ocr_line' id='line_1_16' title="bbox 146 1468 1316 1623; baseline 0.003 -87"><span class='ocrx_word' id='word_1_114' title='bbox 146 1474 289 1560; x_wconf 84' lang='lat' dir='ltr'><strong>iungam,</strong></span> <span class='ocrx_word' id='word_1_115' title='bbox 311 1474 415 1558; x_wconf 93' lang='lat' dir='ltr'><strong>quihus</strong></span> <span class='ocrx_word' id='word_1_116' title='bbox 436 1472 587 1573; x_wconf 90' lang='lat' dir='ltr'><strong>suppleam</strong></span> <span class='ocrx_word' id='word_1_117' title='bbox 608 1495 670 1573; x_wconf 71' lang='grc' dir='ltr'><strong>οο,</strong></span> <span class='ocrx_word' id='word_1_118' title='bbox 689 1494 763 1558; x_wconf 88' lang='lat' dir='ltr'><strong>quae</strong></span> <span class='ocrx_word' id='word_1_119' title='bbox 785 1482 879 1623; x_wconf 77' lang='lat' dir='ltr'><strong>supra</strong></span> <span class='ocrx_word' id='word_1_120' title='bbox 900 1494 930 1563; x_wconf 91' lang='lat' dir='ltr'><strong>p.</strong></span> <span class='ocrx_word' id='word_1_121' title='bbox 1015 1493 1096 1559; x_wconf 84' lang='lat' dir='ltr'><strong>seqq.</strong></span> <span class='ocrx_word' id='word_1_122' title='bbox 1138 1472 1177 1537; x_wconf 84' lang='lat' dir='ltr'><strong>de</strong></span> <span class='ocrx_word' id='word_1_123' title='bbox 1197 1468 1316 1539; x_wconf 83' lang='lat' dir='ltr'><strong>Crah&#39;ni</strong></span> 
     </span>
    </p>
   </div>
   <div class='ocr_carea' id='block_1_5' title="bbox 145 1555 1317 1815">
    <p class='ocr_par' dir='ltr' id='par_1_5' title="bbox 145 1555 1317 1815">
     <span class='ocr_line' id='line_1_17' title="bbox 147 1555 1317 1643; baseline 0 -22"><span class='ocrx_word' id='word_1_124' title='bbox 147 1558 226 1621; x_wconf 89' lang='lat' dir='ltr'><strong>iuter</strong></span> <span class='ocrx_word' id='word_1_125' title='bbox 245 1558 356 1622; x_wconf 87' lang='lat' dir='ltr'><strong>retibus</strong></span> <span class='ocrx_word' id='word_1_126' title='bbox 378 1559 516 1622; x_wconf 77' lang='lat' dir='ltr'><strong>disserui.</strong></span> <span class='ocrx_word' id='word_1_127' title='bbox 558 1555 600 1622; x_wconf 88' lang='lat' dir='ltr'><strong>Et</strong></span> <span class='ocrx_word' id='word_1_128' title='bbox 645 1579 750 1622; x_wconf 84' lang='lat' dir='ltr'><strong>mmum</strong></span> <span class='ocrx_word' id='word_1_129' title='bbox 771 1579 820 1643; x_wconf 83' lang='lat' dir='ltr'><strong>qur</strong></span> <span class='ocrx_word' id='word_1_130' title='bbox 841 1579 887 1622; x_wconf 91' lang='lat' dir='ltr'><strong>em</strong></span> <span class='ocrx_word' id='word_1_131' title='bbox 914 1558 947 1621; x_wconf 94' lang='lat' dir='ltr'><strong>in</strong></span> <span class='ocrx_word' id='word_1_132' title='bbox 967 1557 1047 1621; x_wconf 92' lang='lat' dir='ltr'><strong>hunc</strong></span> <span class='ocrx_word' id='word_1_133' title='bbox 1066 1578 1220 1622; x_wconf 86' lang='lat' dir='ltr'><strong>numerum</strong></span> <span class='ocrx_word' id='word_1_134' title='bbox 1240 1557 1317 1621; x_wconf 85' lang='lat' dir='ltr'><strong>reci·</strong></span> 
     </span>
     <span class='ocr_line' id='line_1_18' title="bbox 145 1579 1315 1731; baseline 0 -26"><span class='ocrx_word' id='word_1_135' title='bbox 145 1580 271 1731; x_wconf 79' lang='lat' dir='ltr'><strong>piandus</strong></span> <span class='ocrx_word' id='word_1_136' title='bbox 292 1650 339 1707; x_wconf 91' lang='lat' dir='ltr'><strong>est</strong></span> <span class='ocrx_word' id='word_1_137' title='bbox 358 1643 595 1723; x_wconf 70' lang='lat' dir='ltr'><strong>Euphronius,</strong></span> <span class='ocrx_word' id='word_1_138' title='bbox 617 1579 654 1707; x_wconf 78' lang='lat' dir='ltr'><strong>de</strong></span> <span class='ocrx_word' id='word_1_139' title='bbox 675 1662 731 1727; x_wconf 88' lang='lat' dir='ltr'><strong>quo</strong></span> <span class='ocrx_word' id='word_1_140' title='bbox 753 1641 861 1707; x_wconf 91' lang='lat' dir='ltr'><strong>dictum</strong></span> <span class='ocrx_word' id='word_1_141' title='bbox 881 1664 911 1731; x_wconf 94' lang='lat' dir='ltr'><strong>p.</strong></span> <span class='ocrx_word' id='word_1_142' title='bbox 931 1641 985 1724; x_wconf 84' lang='lat'><strong>91,</strong></span> <span class='ocrx_word' id='word_1_143' title='bbox 1005 1649 1066 1707; x_wconf 88' lang='lat' dir='ltr'><strong>tum</strong></span> <span class='ocrx_word' id='word_1_144' title='bbox 1085 1640 1315 1725; x_wconf 54' lang='lat' dir='ltr'><strong>symachus)</strong></span> 
     </span>
     <span class='ocr_line' id='line_1_19' title="bbox 146 1724 1317 1815; baseline 0.001 -25"><span class='ocrx_word' id='word_1_145' title='bbox 146 1746 232 1812; x_wconf 91' lang='lat' dir='ltr'><strong>quem</strong></span> <span class='ocrx_word' id='word_1_146' title='bbox 252 1726 290 1793; x_wconf 92' lang='lat' dir='ltr'><strong>de</strong></span> <span class='ocrx_word' id='word_1_147' title='bbox 312 1725 430 1793; x_wconf 77' lang='lat' dir='ltr'><strong>Cratini</strong></span> <span class='ocrx_word' id='word_1_148' title='bbox 450 1727 560 1792; x_wconf 89' lang='lat' dir='ltr'><strong>fahuhs</strong></span> <span class='ocrx_word' id='word_1_149' title='bbox 582 1732 804 1792; x_wconf 86' lang='lat' dir='ltr'><strong>commentatum</strong></span> <span class='ocrx_word' id='word_1_150' title='bbox 825 1748 893 1792; x_wconf 87' lang='lat' dir='ltr'><strong>esse</strong></span> <span class='ocrx_word' id='word_1_151' title='bbox 920 1727 993 1792; x_wconf 88' lang='lat' dir='ltr'><strong>satis</strong></span> <span class='ocrx_word' id='word_1_152' title='bbox 1015 1732 1137 1815; x_wconf 88' lang='lat' dir='ltr'><strong>apparet</strong></span> <span class='ocrx_word' id='word_1_153' title='bbox 1156 1746 1197 1791; x_wconf 83' lang='lat' dir='ltr'><strong>ex</strong></span> <span class='ocrx_word' id='word_1_154' title='bbox 1217 1724 1317 1791; x_wconf 85' lang='lat' dir='ltr'><strong>Heru-</strong></span> 
     </span>
    </p>
   </div>
   <div class='ocr_carea' id='block_1_6' title="bbox 145 1812 1318 1997">
    <p class='ocr_par' dir='ltr' id='par_1_6' title="bbox 145 1812 1318 1997">
     <span class='ocr_line' id='line_1_20' title="bbox 146 1812 1318 1912; baseline -0.001 -20"><span class='ocrx_word' id='word_1_155' title='bbox 146 1827 235 1892; x_wconf 91' lang='lat' dir='ltr'><strong>diano</strong></span> <span class='ocrx_word' id='word_1_156' title='bbox 262 1828 329 1912; x_wconf 79' lang='lat' dir='ltr'><strong>napi</strong></span> <span class='ocrx_word' id='word_1_157' title='bbox 359 1852 429 1908; x_wconf 91' lang='grc' dir='ltr'><strong><em>μον.</em></strong></span> <span class='ocrx_word' id='word_1_158' title='bbox 450 1825 512 1903; x_wconf 71' lang='grc' dir='ltr'><strong><em>λάξ.</em></strong></span> <span class='ocrx_word' id='word_1_159' title='bbox 561 1827 650 1909; x_wconf 80' lang='grc'><strong>.39,</strong></span> <span class='ocrx_word' id='word_1_160' title='bbox 671 1829 731 1893; x_wconf 72' lang='lat'><strong>25:</strong></span> <span class='ocrx_word' id='word_1_161' title='bbox 773 1828 843 1892; x_wconf 86' lang='lat' dir='ltr'><strong>Elcl</strong></span> <span class='ocrx_word' id='word_1_162' title='bbox 868 1826 973 1909; x_wconf 68' lang='grc' dir='ltr'><strong><em>μέντοι</em></strong></span> <span class='ocrx_word' id='word_1_163' title='bbox 1002 1826 1037 1891; x_wconf 73' lang='grc' dir='ltr'><strong>οῖ</strong></span> <span class='ocrx_word' id='word_1_164' title='bbox 1059 1827 1109 1890; x_wconf 79' lang='grc' dir='ltr'><strong><em>καὶ</em></strong></span> <span class='ocrx_word' id='word_1_165' title='bbox 1135 1824 1189 1891; x_wconf 79' lang='lat' dir='ltr'><strong>ded</strong></span> <span class='ocrx_word' id='word_1_166' title='bbox 1213 1812 1318 1911; x_wconf 47' lang='lat' dir='ltr'><strong>soil-y*</strong></span> 
     </span>
     <span class='ocr_line' id='line_1_21' title="bbox 145 1906 1317 1997; baseline 0.003 -23"><span class='ocrx_word' id='word_1_167' title='bbox 145 1908 317 1997; x_wconf 84' lang='grc' dir='ltr'><strong><em>γράφουσιν</em></strong></span> <span class='ocrx_word' id='word_1_168' title='bbox 338 1910 370 1977; x_wconf 69' lang='grc' dir='ltr'><strong>ἕν</strong></span> <span class='ocrx_word' id='word_1_169' title='bbox 390 1936 469 1977; x_wconf 86' lang='grc' dir='ltr'><strong><em>τισιν</em></strong></span> <span class='ocrx_word' id='word_1_170' title='bbox 490 1914 523 1976; x_wconf 76' lang='grc' dir='ltr'><strong>ἐν</strong></span> <span class='ocrx_word' id='word_1_171' title='bbox 575 1916 727 1987; x_wconf 74' lang='grc' dir='ltr'><strong><em>αλθακοῖς</em></strong></span> <span class='ocrx_word' id='word_1_172' title='bbox 741 1913 897 1997; x_wconf 76' lang='grc' dir='ltr'><strong><em>Κρατίνου</em></strong></span> <span class='ocrx_word' id='word_1_173' title='bbox 919 1910 1083 1997; x_wconf 75' lang='grc' dir='ltr'><strong><em>παρίφυλα</em></strong></span> <span class='ocrx_word' id='word_1_174' title='bbox 1101 1935 1115 1975; x_wconf 86' lang='grc' dir='ltr'><strong><em>ε</em></strong></span> <span class='ocrx_word' id='word_1_175' title='bbox 1134 1906 1317 1993; x_wconf 71' lang='grc' dir='ltr'><strong><em>Σύμμαχος.</em></strong></span> 
     </span>
    </p>
   </div>
   <div class='ocr_carea' id='block_1_7' title="bbox 142 1996 1321 3096">
    <p class='ocr_par' dir='ltr' id='par_1_7' title="bbox 144 1996 1321 2926">
     <span class='ocr_line' id='line_1_22' title="bbox 146 1996 1317 2085; baseline 0.001 -25"><span class='ocrx_word' id='word_1_176' title='bbox 146 1997 221 2060; x_wconf 86' lang='lat' dir='ltr'><strong>ahos</strong></span> <span class='ocrx_word' id='word_1_177' title='bbox 243 2004 340 2062; x_wconf 90' lang='lat' dir='ltr'><strong>autem</strong></span> <span class='ocrx_word' id='word_1_178' title='bbox 361 1997 569 2084; x_wconf 82' lang='lat' dir='ltr'><strong>grammaticos</strong></span> <span class='ocrx_word' id='word_1_179' title='bbox 590 1997 633 2060; x_wconf 94' lang='lat' dir='ltr'><strong>ihi</strong></span> <span class='ocrx_word' id='word_1_180' title='bbox 654 1997 767 2084; x_wconf 82' lang='lat' dir='ltr'><strong>legisse</strong></span> <span class='ocrx_word' id='word_1_181' title='bbox 787 1997 957 2081; x_wconf 78' lang='grc' dir='ltr'><strong><em>κνέφαλλον</em></strong></span> <span class='ocrx_word' id='word_1_182' title='bbox 977 1997 1139 2085; x_wconf 80' lang='lat' dir='ltr'><strong>perspicies</strong></span> <span class='ocrx_word' id='word_1_183' title='bbox 1161 2016 1202 2061; x_wconf 85' lang='lat' dir='ltr'><strong>ax</strong></span> <span class='ocrx_word' id='word_1_184' title='bbox 1221 1996 1317 2061; x_wconf 85' lang='lat' dir='ltr'><strong>Athe·</strong></span> 
     </span>
     <span class='ocr_line' id='line_1_23' title="bbox 145 2079 1316 2170; baseline 0.002 -27"><span class='ocrx_word' id='word_1_185' title='bbox 145 2102 221 2146; x_wconf 90' lang='lat' dir='ltr'><strong>naeu</strong></span> <span class='ocrx_word' id='word_1_186' title='bbox 233 2080 289 2147; x_wconf 93' lang='lat' dir='ltr'><strong>III.</strong></span> <span class='ocrx_word' id='word_1_187' title='bbox 301 2102 331 2170; x_wconf 90' lang='lat' dir='ltr'><strong>p.</strong></span> <span class='ocrx_word' id='word_1_188' title='bbox 344 2082 408 2145; x_wconf 85' lang='lat'><strong>111</strong></span> <span class='ocrx_word' id='word_1_189' title='bbox 424 2080 465 2146; x_wconf 89' lang='lat' dir='ltr'><strong>D.</strong></span> <span class='ocrx_word' id='word_1_190' title='bbox 487 2079 625 2144; x_wconf 88' lang='lat' dir='ltr'><strong>Tertium</strong></span> <span class='ocrx_word' id='word_1_191' title='bbox 646 2079 694 2144; x_wconf 89' lang='lat' dir='ltr'><strong>his</strong></span> <span class='ocrx_word' id='word_1_192' title='bbox 716 2081 790 2144; x_wconf 88' lang='lat' dir='ltr'><strong>addo</strong></span> <span class='ocrx_word' id='word_1_193' title='bbox 812 2081 866 2145; x_wconf 89' lang='lat' dir='ltr'><strong>sed</strong></span> <span class='ocrx_word' id='word_1_194' title='bbox 887 2081 1054 2146; x_wconf 83' lang='lat' dir='ltr'><strong>dubitanter</strong></span> <span class='ocrx_word' id='word_1_195' title='bbox 1068 2080 1316 2145; x_wconf 65' lang='lat' dir='ltr'><strong>Aristarchus.</strong></span> 
     </span>
     <span class='ocr_line' id='line_1_24' title="bbox 146 2160 1316 2254; baseline -0.003 -24"><span class='ocrx_word' id='word_1_196' title='bbox 146 2162 301 2230; x_wconf 78' lang='lat' dir='ltr'><strong>Cratinum</strong></span> <span class='ocrx_word' id='word_1_197' title='bbox 328 2162 447 2246; x_wconf 84' lang='grc' dir='ltr'><strong><em>δόχμην</em></strong></span> <span class='ocrx_word' id='word_1_198' title='bbox 475 2164 589 2228; x_wconf 85' lang='lat' dir='ltr'><strong>dixisse</strong></span> <span class='ocrx_word' id='word_1_199' title='bbox 618 2170 745 2228; x_wconf 87' lang='lat' dir='ltr'><strong>testatur</strong></span> <span class='ocrx_word' id='word_1_200' title='bbox 764 2164 890 2238; x_wconf 88' lang='lat' dir='ltr'><strong>Photius</strong></span> <span class='ocrx_word' id='word_1_201' title='bbox 916 2187 944 2254; x_wconf 92' lang='lat' dir='ltr'><strong>p.</strong></span> <span class='ocrx_word' id='word_1_202' title='bbox 965 2168 1046 2248; x_wconf 78' lang='lat'><strong>531,</strong></span> <span class='ocrx_word' id='word_1_203' title='bbox 1066 2166 1122 2230; x_wconf 73' lang='lat'><strong>³2-</strong></span> <span class='ocrx_word' id='word_1_204' title='bbox 1146 2160 1316 2248; x_wconf 68' lang='grc' dir='ltr'><strong><em>Σπιθσμῆι</em></strong></span> 
     </span>
     <span class='ocr_line' id='line_1_25' title="bbox 145 2243 1316 2335; baseline 0.003 -24"><span class='ocrx_word' id='word_1_205' title='bbox 145 2249 182 2312; x_wconf 84' lang='grc' dir='ltr'><strong>τὸ</strong></span> <span class='ocrx_word' id='word_1_206' title='bbox 209 2248 271 2312; x_wconf 87' lang='grc' dir='ltr'><strong>ἀπὸ</strong></span> <span class='ocrx_word' id='word_1_207' title='bbox 296 2253 353 2313; x_wconf 80' lang='grc' dir='ltr'><strong>τοῦ</strong></span> <span class='ocrx_word' id='word_1_208' title='bbox 378 2243 512 2332; x_wconf 77' lang='grc' dir='ltr'><strong><em>μεγάλου</em></strong></span> <span class='ocrx_word' id='word_1_209' title='bbox 540 2245 693 2311; x_wconf 75' lang='grc' dir='ltr'><strong><em>δακτύλου</em></strong></span> <span class='ocrx_word' id='word_1_210' title='bbox 720 2250 768 2312; x_wconf 75' lang='grc' dir='ltr'><strong>ἐπὶ</strong></span> <span class='ocrx_word' id='word_1_211' title='bbox 795 2249 849 2312; x_wconf 85' lang='grc' dir='ltr'><strong>τὸν</strong></span> <span class='ocrx_word' id='word_1_212' title='bbox 872 2245 999 2335; x_wconf 84' lang='grc' dir='ltr'><strong><em>μικράν·</em></strong></span> <span class='ocrx_word' id='word_1_213' title='bbox 1041 2248 1078 2315; x_wconf 81' lang='grc' dir='ltr'><strong>τὸ</strong></span> <span class='ocrx_word' id='word_1_214' title='bbox 1105 2247 1137 2313; x_wconf 84' lang='lat' dir='ltr'><strong>d&#39;</strong></span> <span class='ocrx_word' id='word_1_215' title='bbox 1167 2246 1231 2315; x_wconf 74' lang='lat' dir='ltr'><strong>tul</strong></span> <span class='ocrx_word' id='word_1_216' title='bbox 1258 2254 1316 2315; x_wconf 76' lang='grc' dir='ltr'><strong>τοῦ</strong></span> 
     </span>
     <span class='ocr_line' id='line_1_26' title="bbox 145 2328 1317 2417; baseline 0.003 -21"><span class='ocrx_word' id='word_1_217' title='bbox 145 2337 271 2414; x_wconf 81' lang='grc' dir='ltr'><strong><em>λιχανοῦ</em></strong></span> <span class='ocrx_word' id='word_1_218' title='bbox 298 2328 399 2414; x_wconf 85' lang='grc' dir='ltr'><strong><em>λιχάς·</em></strong></span> <span class='ocrx_word' id='word_1_219' title='bbox 441 2331 498 2416; x_wconf 80' lang='grc' dir='ltr'><strong>τὴν</strong></span> <span class='ocrx_word' id='word_1_220' title='bbox 525 2331 559 2396; x_wconf 73' lang='grc' dir='ltr'><strong>δὲ</strong></span> <span class='ocrx_word' id='word_1_221' title='bbox 595 2332 758 2415; x_wconf 77' lang='grc' dir='ltr'><strong><em>σπιθαμὴν</em></strong></span> <span class='ocrx_word' id='word_1_222' title='bbox 786 2334 864 2409; x_wconf 74' lang='grc' dir='ltr'><strong><em>τινὲς</em></strong></span> <span class='ocrx_word' id='word_1_223' title='bbox 895 2338 947 2398; x_wconf 83' lang='grc' dir='ltr'><strong><em>καί</em></strong></span> <span class='ocrx_word' id='word_1_224' title='bbox 982 2329 1129 2417; x_wconf 83' lang='grc' dir='ltr'><strong><em>δάχμην</em></strong></span> <span class='ocrx_word' id='word_1_225' title='bbox 1158 2338 1317 2411; x_wconf 76' lang='grc' dir='ltr'><strong><em>καλοῦσιν,</em></strong></span> 
     </span>
     <span class='ocr_line' id='line_1_27' title="bbox 146 2414 1317 2500; baseline 0.003 -19"><span class='ocrx_word' id='word_1_226' title='bbox 146 2414 245 2495; x_wconf 72' lang='grc' dir='ltr'><strong><em>οὕτως</em></strong></span> <span class='ocrx_word' id='word_1_227' title='bbox 270 2418 437 2500; x_wconf 82' lang='grc' dir='ltr'><strong><em>Κρατῖνος.</em></strong></span> <span class='ocrx_word' id='word_1_228' title='bbox 491 2415 626 2483; x_wconf 88' lang='lat' dir='ltr'><strong>Coniicio</strong></span> <span class='ocrx_word' id='word_1_229' title='bbox 657 2417 754 2483; x_wconf 87' lang='lat' dir='ltr'><strong>isnm</strong></span> <span class='ocrx_word' id='word_1_230' title='bbox 785 2418 902 2484; x_wconf 83' lang='lat' dir='ltr'><strong>Cratini</strong></span> <span class='ocrx_word' id='word_1_231' title='bbox 936 2419 953 2485; x_wconf 83' lang='lat' dir='ltr'><strong>l</strong></span> <span class='ocrx_word' id='word_1_232' title='bbox 978 2424 981 2429; x_wconf 81' lang='grc'><strong>’</strong></span> <span class='ocrx_word' id='word_1_233' title='bbox 1037 2426 1135 2484; x_wconf 87' lang='lat' dir='ltr'><strong>cutum</strong></span> <span class='ocrx_word' id='word_1_234' title='bbox 1165 2426 1317 2485; x_wconf 80' lang='lat' dir='ltr'><strong>serratum</strong></span> 
     </span>
     <span class='ocr_line' id='line_1_28' title="bbox 146 2501 1317 2594; baseline 0.002 -27"><span class='ocrx_word' id='word_1_235' title='bbox 146 2523 214 2567; x_wconf 86' lang='lat' dir='ltr'><strong>csse</strong></span> <span class='ocrx_word' id='word_1_236' title='bbox 241 2502 278 2567; x_wconf 86' lang='lat' dir='ltr'><strong>ah</strong></span> <span class='ocrx_word' id='word_1_237' title='bbox 304 2501 476 2584; x_wconf 83' lang='lat' dir='ltr'><strong>Eustathio‚</strong></span> <span class='ocrx_word' id='word_1_238' title='bbox 520 2504 570 2590; x_wconf 92' lang='lat' dir='ltr'><strong>qni</strong></span> <span class='ocrx_word' id='word_1_239' title='bbox 596 2502 634 2567; x_wconf 89' lang='lat' dir='ltr'><strong>ad</strong></span> <span class='ocrx_word' id='word_1_240' title='bbox 692 2502 748 2568; x_wconf 79' lang='lat' dir='ltr'><strong>ad.</strong></span> <span class='ocrx_word' id='word_1_241' title='bbox 768 2502 882 2569; x_wconf 85' lang='lat' dir='ltr'><strong>XXIII.</strong></span> <span class='ocrx_word' id='word_1_242' title='bbox 908 2505 979 2594; x_wconf 86' lang='lat' dir='ltr'><strong>pl</strong></span> <span class='ocrx_word' id='word_1_243' title='bbox 1026 2504 1060 2585; x_wconf 94' lang='grc'><strong>1,</strong></span> <span class='ocrx_word' id='word_1_244' title='bbox 1081 2506 1124 2570; x_wconf 80' lang='grc'><strong>23</strong></span> <span class='ocrx_word' id='word_1_245' title='bbox 1158 2524 1199 2569; x_wconf 84' lang='lat' dir='ltr'><strong>ex</strong></span> <span class='ocrx_word' id='word_1_246' title='bbox 1225 2502 1317 2570; x_wconf 88' lang='lat' dir='ltr'><strong>Aelio</strong></span> 
     </span>
     <span class='ocr_line' id='line_1_29' title="bbox 144 2577 1318 2677; baseline 0 -26"><span class='ocrx_word' id='word_1_247' title='bbox 144 2586 295 2675; x_wconf 84' lang='lat' dir='ltr'><strong>Dionysio</strong></span> <span class='ocrx_word' id='word_1_248' title='bbox 321 2588 396 2653; x_wconf 87' lang='lat' dir='ltr'><strong>haec</strong></span> <span class='ocrx_word' id='word_1_249' title='bbox 420 2588 550 2677; x_wconf 83' lang='lat' dir='ltr'><strong>profert:</strong></span> <span class='ocrx_word' id='word_1_250' title='bbox 594 2587 662 2672; x_wconf 77' lang='lat' dir='ltr'><strong>usqi</strong></span> <span class='ocrx_word' id='word_1_251' title='bbox 688 2577 726 2670; x_wconf 80' lang='grc' dir='ltr'><strong>ἧς</strong></span> <span class='ocrx_word' id='word_1_252' title='bbox 753 2584 871 2670; x_wconf 72' lang='grc' dir='ltr'><strong><em>(λόχμης</em></strong></span> <span class='ocrx_word' id='word_1_253' title='bbox 891 2588 1003 2665; x_wconf 70' lang='grc' dir='ltr'><strong><em>Αἴλιος</em></strong></span> <span class='ocrx_word' id='word_1_254' title='bbox 1028 2584 1195 2664; x_wconf 83' lang='grc' dir='ltr'><strong><em>Διονάσιος</em></strong></span> <span class='ocrx_word' id='word_1_255' title='bbox 1221 2590 1318 2675; x_wconf 68' lang='grc' dir='ltr'><strong><em>φησίν</em></strong></span> 
     </span>
     <span class='ocr_line' id='line_1_30' title="bbox 147 2668 1321 2821; baseline 0.003 -86"><span class='ocrx_word' id='word_1_256' title='bbox 147 2669 259 2821; x_wconf 64' lang='grc' dir='ltr'><strong><em>ράτΙρις·</em></strong></span> <span class='ocrx_word' id='word_1_257' title='bbox 286 2669 399 2821; x_wconf 52' lang='grc' dir='ltr'><strong><em>είόχριη</em></strong></span> <span class='ocrx_word' id='word_1_258' title='bbox 421 2672 458 2737; x_wconf 87' lang='grc' dir='ltr'><strong>τὸ</strong></span> <span class='ocrx_word' id='word_1_259' title='bbox 477 2668 735 2758; x_wconf 78' lang='grc' dir='ltr'><strong><em>τετραδάκτυλον·</em></strong></span> <span class='ocrx_word' id='word_1_260' title='bbox 758 2669 1145 2760; x_wconf 76' lang='grc' dir='ltr'><strong><em>’1ρίσταρχοςάέὄξάνει·</em></strong></span> <span class='ocrx_word' id='word_1_261' title='bbox 1168 2670 1212 2751; x_wconf 79' lang='grc' dir='ltr'><strong>ὥς</strong></span> <span class='ocrx_word' id='word_1_262' title='bbox 1227 2674 1321 2759; x_wconf 73' lang='grc' dir='ltr'><strong><em>δηλοῖ</em></strong></span> 
     </span>
     <span class='ocr_line' id='line_1_31' title="bbox 147 2775 469 2833; baseline 0 -12"><span class='ocrx_word' id='word_1_263' title='bbox 147 2780 164 2821; x_wconf 82' lang='grc' dir='ltr'><strong><em>ο</em></strong></span> <span class='ocrx_word' id='word_1_264' title='bbox 220 2781 244 2820; x_wconf 87' lang='grc' dir='ltr'>ω</span> <span class='ocrx_word' id='word_1_265' title='bbox 257 2782 333 2833; x_wconf 78' lang='grc' dir='ltr'><strong><em>ιικος</em></strong></span> <span class='ocrx_word' id='word_1_266' title='bbox 370 2782 424 2821; x_wconf 84' lang='grc' dir='ltr'><strong>υτ</strong></span> <span class='ocrx_word' id='word_1_267' title='bbox 459 2775 469 2795; x_wconf 89' lang='grc'><em>·</em></span> 
     </span>
     <span class='ocr_line' id='line_1_32' title="bbox 235 2781 961 2926; baseline 0 -21"><span class='ocrx_word' id='word_1_268' title='bbox 235 2783 329 2905; x_wconf 71' lang='lat' dir='ltr'><strong>Chaos</strong></span> <span class='ocrx_word' id='word_1_269' title='bbox 350 2838 379 2905; x_wconf 63' lang='grc' dir='ltr'><strong>δ’</strong></span> <span class='ocrx_word' id='word_1_270' title='bbox 401 2781 603 2926; x_wconf 58' lang='lat' dir='ltr'><strong>&amp;gaminacos</strong></span> <span class='ocrx_word' id='word_1_271' title='bbox 625 2844 710 2905; x_wconf 84' lang='grc' dir='ltr'><strong><em>πλεῖν</em></strong></span> <span class='ocrx_word' id='word_1_272' title='bbox 729 2834 750 2922; x_wconf 77' lang='grc' dir='ltr'>ἢ</span> <span class='ocrx_word' id='word_1_273' title='bbox 771 2837 828 2905; x_wconf 81' lang='lat' dir='ltr'><strong>daie</strong></span> <span class='ocrx_word' id='word_1_274' title='bbox 849 2836 961 2922; x_wconf 83' lang='grc' dir='ltr'><strong><em>δοχμά.</em></strong></span> 
     </span>
    </p>

    <p class='ocr_par' dir='ltr' id='par_1_8' title="bbox 142 2922 1318 3096">
     <span class='ocr_line' id='line_1_33' title="bbox 142 2922 1317 3073; baseline 0.003 -85"><span class='ocrx_word' id='word_1_275' title='bbox 142 2922 201 2989; x_wconf 81' lang='grc' dir='ltr'><strong>Ἐν</strong></span> <span class='ocrx_word' id='word_1_276' title='bbox 225 2925 329 3008; x_wconf 75' lang='grc' dir='ltr'><strong><em>μέντοι</em></strong></span> <span class='ocrx_word' id='word_1_277' title='bbox 360 2926 437 3011; x_wconf 77' lang='grc' dir='ltr'><strong><em>φησί</em></strong></span> <span class='ocrx_word' id='word_1_278' title='bbox 467 2933 532 3000; x_wconf 83' lang='grc' dir='ltr'><strong><em>τοῖς</em></strong></span> <span class='ocrx_word' id='word_1_279' title='bbox 574 2923 800 3073; x_wconf 72' lang='grc' dir='ltr'><strong><em>ἀκριβεστέροις</em></strong></span> <span class='ocrx_word' id='word_1_280' title='bbox 830 2922 1031 3010; x_wconf 77' lang='grc' dir='ltr'><strong><em>ἀντιγράφοις</em></strong></span> <span class='ocrx_word' id='word_1_281' title='bbox 1061 2922 1145 3001; x_wconf 72' lang='grc' dir='ltr'><strong><em>ὀξεῖα</em></strong></span> <span class='ocrx_word' id='word_1_282' title='bbox 1171 2926 1317 2991; x_wconf 72' lang='grc' dir='ltr'><strong><em>ἐπινοεῖται</em></strong></span> 
     </span>
     <span class='ocr_line' id='line_1_34' title="bbox 146 3006 1318 3096; baseline 0.001 -22"><span class='ocrx_word' id='word_1_283' title='bbox 146 3014 185 3095; x_wconf 84' lang='grc' dir='ltr'><strong>τῇ</strong></span> <span class='ocrx_word' id='word_1_284' title='bbox 219 3006 326 3095; x_wconf 70' lang='grc' dir='ltr'><strong><em>πράττη</em></strong></span> <span class='ocrx_word' id='word_1_285' title='bbox 357 3015 496 3096; x_wconf 74' lang='grc' dir='ltr'><strong><em>συλλαβῇ</em></strong></span> <span class='ocrx_word' id='word_1_286' title='bbox 530 3010 608 3074; x_wconf 82' lang='grc' dir='ltr'><strong><em>κατά</em></strong></span> <span class='ocrx_word' id='word_1_287' title='bbox 641 3007 678 3074; x_wconf 81' lang='grc' dir='ltr'><strong>τὸ</strong></span> <span class='ocrx_word' id='word_1_288' title='bbox 711 3015 826 3091; x_wconf 89' lang='grc' dir='ltr'><strong><em>λχμη,</em></strong></span> <span class='ocrx_word' id='word_1_289' title='bbox 859 3008 902 3087; x_wconf 81' lang='grc' dir='ltr'><strong>ὡς</strong></span> <span class='ocrx_word' id='word_1_290' title='bbox 928 3007 1027 3093; x_wconf 70' lang='grc' dir='ltr'><strong><em>ὄχθη,</em></strong></span> <span class='ocrx_word' id='word_1_291' title='bbox 1067 3008 1151 3093; x_wconf 80' lang='grc' dir='ltr'><strong><em>άχνη.</em></strong></span> <span class='ocrx_word' id='word_1_292' title='bbox 1186 3006 1318 3093; x_wconf 79' lang='grc' dir='ltr'><strong><em>Ἕτερος</em></strong></span> 
     </span>
    </p>
   </div>
   <div class='ocr_carea' id='block_1_8' title="bbox 27 3090 1318 3182">
    <p class='ocr_par' dir='ltr' id='par_1_9' title="bbox 27 3090 1318 3182">
     <span class='ocr_line' id='line_1_35' title="bbox 27 3090 1318 3182; baseline 0.002 -25"><span class='ocrx_word' id='word_1_293' title='bbox 27 3096 33 3109; x_wconf 91' lang='grc'><strong>“</strong></span> <span class='ocrx_word' id='word_1_294' title='bbox 147 3096 184 3158; x_wconf 75' lang='grc' dir='ltr'><strong>δέ</strong></span> <span class='ocrx_word' id='word_1_295' title='bbox 213 3119 259 3172; x_wconf 85' lang='grc' dir='ltr'><strong>τις</strong></span> <span class='ocrx_word' id='word_1_296' title='bbox 292 3094 369 3179; x_wconf 69' lang='grc' dir='ltr'><strong><em>λέγει</em></strong></span> <span class='ocrx_word' id='word_1_297' title='bbox 405 3095 473 3182; x_wconf 76' lang='grc' dir='ltr'><strong><em>[καὶ</em></strong></span> <span class='ocrx_word' id='word_1_298' title='bbox 506 3091 616 3180; x_wconf 75' lang='grc' dir='ltr'><strong><em>οὗτὸς]</em></strong></span> <span class='ocrx_word' id='word_1_299' title='bbox 628 3141 638 3172; x_wconf 88' lang='grc'><strong>,</strong></span> <span class='ocrx_word' id='word_1_300' title='bbox 687 3090 733 3158; x_wconf 81' lang='grc' dir='ltr'><strong>ὅτι</strong></span> <span class='ocrx_word' id='word_1_301' title='bbox 767 3091 866 3178; x_wconf 72' lang='grc' dir='ltr'><strong><em>(λόχμη</em></strong></span> <span class='ocrx_word' id='word_1_302' title='bbox 906 3091 949 3171; x_wconf 83' lang='grc' dir='ltr'><strong>ὥς</strong></span> <span class='ocrx_word' id='word_1_303' title='bbox 984 3093 1067 3179; x_wconf 54' lang='grc' dir='ltr'><strong><em>ὄχθη</em></strong></span> <span class='ocrx_word' id='word_1_304' title='bbox 1104 3098 1155 3159; x_wconf 78' lang='grc' dir='ltr'><strong><em>καί</em></strong></span> <span class='ocrx_word' id='word_1_305' title='bbox 1187 3091 1318 3179; x_wconf 71' lang='grc' dir='ltr'><strong><em>στάθμη</em></strong></span> 
     </span>
    </p>
   </div>
   <div class='ocr_carea' id='block_1_9' title="bbox 146 3175 1324 4372">
    <p class='ocr_par' dir='ltr' id='par_1_10' title="bbox 146 3175 1324 4212">
     <span class='ocr_line' id='line_1_36' title="bbox 147 3175 1319 3267; baseline 0.003 -25"><span class='ocrx_word' id='word_1_306' title='bbox 147 3179 225 3242; x_wconf 75' lang='grc' dir='ltr'><strong><em>κατὰ</em></strong></span> <span class='ocrx_word' id='word_1_307' title='bbox 250 3175 425 3267; x_wconf 85' lang='grc' dir='ltr'><strong><em>Τράφωνα,</em></strong></span> <span class='ocrx_word' id='word_1_308' title='bbox 451 3182 479 3244; x_wconf 77' lang='grc' dir='ltr'><strong>εί</strong></span> <span class='ocrx_word' id='word_1_309' title='bbox 499 3182 550 3242; x_wconf 77' lang='grc' dir='ltr'><strong><em>καὶ</em></strong></span> <span class='ocrx_word' id='word_1_310' title='bbox 567 3176 767 3265; x_wconf 71' lang='grc' dir='ltr'><strong><em>Ἀρίσταρχος</em></strong></span> <span class='ocrx_word' id='word_1_311' title='bbox 793 3177 908 3255; x_wconf 82' lang='grc' dir='ltr'><strong><em>ὀξάνειν</em></strong></span> <span class='ocrx_word' id='word_1_312' title='bbox 934 3177 1030 3255; x_wconf 84' lang='grc' dir='ltr'><strong><em>άξιοῖ·</em></strong></span> <span class='ocrx_word' id='word_1_313' title='bbox 1072 3182 1259 3257; x_wconf 82' lang='grc' dir='ltr'><strong><em>Παυσανίας</em></strong></span> <span class='ocrx_word' id='word_1_314' title='bbox 1283 3180 1319 3245; x_wconf 77' lang='lat' dir='ltr'><strong>dd</strong></span> 
     </span>
     <span class='ocr_line' id='line_1_37' title="bbox 147 3260 1324 3350; baseline 0.003 -23"><span class='ocrx_word' id='word_1_315' title='bbox 147 3263 239 3328; x_wconf 75' lang='lat' dir='ltr'><strong>sindo</strong></span> <span class='ocrx_word' id='word_1_316' title='bbox 259 3267 310 3328; x_wconf 78' lang='grc' dir='ltr'><strong><em>καί</em></strong></span> <span class='ocrx_word' id='word_1_317' title='bbox 331 3261 439 3341; x_wconf 76' lang='grc' dir='ltr'><strong><em>αὐτάς,</em></strong></span> <span class='ocrx_word' id='word_1_318' title='bbox 462 3260 508 3328; x_wconf 82' lang='grc' dir='ltr'><strong>ὅτι</strong></span> <span class='ocrx_word' id='word_1_319' title='bbox 532 3261 632 3346; x_wconf 76' lang='grc' dir='ltr'><strong><em>δόχμη</em></strong></span> <span class='ocrx_word' id='word_1_320' title='bbox 653 3263 688 3328; x_wconf 81' lang='grc' dir='ltr'><strong>τὸ</strong></span> <span class='ocrx_word' id='word_1_321' title='bbox 710 3262 962 3350; x_wconf 80' lang='grc' dir='ltr'><strong><em>τετραδάκτυλον,</em></strong></span> <span class='ocrx_word' id='word_1_322' title='bbox 983 3260 1100 3348; x_wconf 72' lang='grc' dir='ltr'><strong><em>ἐπάγει·</em></strong></span> <span class='ocrx_word' id='word_1_323' title='bbox 1124 3262 1263 3349; x_wconf 87' lang='grc' dir='ltr'><strong><em>Κάπριοι</em></strong></span> <span class='ocrx_word' id='word_1_324' title='bbox 1283 3264 1324 3331; x_wconf 75' lang='lat' dir='ltr'><strong>dl.</strong></span> 
     </span>
     <span class='ocr_line' id='line_1_38' title="bbox 146 3346 1318 3433; baseline 0.003 -22"><span class='ocrx_word' id='word_1_325' title='bbox 146 3347 202 3431; x_wconf 76' lang='grc' dir='ltr'><strong>τὴν</strong></span> <span class='ocrx_word' id='word_1_326' title='bbox 222 3346 404 3433; x_wconf 84' lang='grc' dir='ltr'><strong><em>παλαιστήν.</em></strong></span> <span class='ocrx_word' id='word_1_327' title='bbox 430 3347 534 3413; x_wconf 89' lang='lat' dir='ltr'><strong>Photii</strong></span> <span class='ocrx_word' id='word_1_328' title='bbox 555 3348 722 3414; x_wconf 89' lang='lat' dir='ltr'><strong>testimonio</strong></span> <span class='ocrx_word' id='word_1_329' title='bbox 745 3370 815 3413; x_wconf 92' lang='lat' dir='ltr'><strong>usus</strong></span> <span class='ocrx_word' id='word_1_330' title='bbox 835 3349 914 3414; x_wconf 90' lang='lat' dir='ltr'><strong>hunc</strong></span> <span class='ocrx_word' id='word_1_331' title='bbox 935 3370 1054 3415; x_wconf 83' lang='lat' dir='ltr'><strong>versum</strong></span> <span class='ocrx_word' id='word_1_332' title='bbox 1075 3347 1200 3417; x_wconf 81' lang='lat' dir='ltr'><strong>Cratino</strong></span> <span class='ocrx_word' id='word_1_333' title='bbox 1220 3348 1318 3417; x_wconf 83' lang='lat' dir='ltr'><strong>vindi-</strong></span> 
     </span>
     <span class='ocr_line' id='line_1_39' title="bbox 147 3432 1318 3535; baseline -0.001 -35"><span class='ocrx_word' id='word_1_334' title='bbox 147 3434 293 3515; x_wconf 77' lang='lat' dir='ltr'><strong>caverim,</strong></span> <span class='ocrx_word' id='word_1_335' title='bbox 320 3455 405 3519; x_wconf 91' lang='lat' dir='ltr'><strong>quem</strong></span> <span class='ocrx_word' id='word_1_336' title='bbox 425 3432 533 3499; x_wconf 83' lang='lat' dir='ltr'><strong>Aehus</strong></span> <span class='ocrx_word' id='word_1_337' title='bbox 555 3433 722 3520; x_wconf 82' lang='lat' dir='ltr'><strong>Dionysius</strong></span> <span class='ocrx_word' id='word_1_338' title='bbox 743 3433 792 3498; x_wconf 86' lang='lat' dir='ltr'><strong>vel</strong></span> <span class='ocrx_word' id='word_1_339' title='bbox 812 3434 909 3535; x_wconf 88' lang='lat' dir='ltr'><strong>potius</strong></span> <span class='ocrx_word' id='word_1_340' title='bbox 930 3434 1124 3498; x_wconf 81' lang='lat' dir='ltr'><strong>Aristarchus</strong></span> <span class='ocrx_word' id='word_1_341' title='bbox 1146 3455 1186 3499; x_wconf 87' lang='lat' dir='ltr'><strong>ex</strong></span> <span class='ocrx_word' id='word_1_342' title='bbox 1206 3433 1318 3501; x_wconf 88' lang='lat' dir='ltr'><strong>comico</strong></span> 
     </span>
     <span class='ocr_line' id='line_1_40' title="bbox 147 3517 1319 3608; baseline 0.003 -27"><span class='ocrx_word' id='word_1_343' title='bbox 147 3517 191 3581; x_wconf 87' lang='lat' dir='ltr'><strong>siu</strong></span> <span class='ocrx_word' id='word_1_344' title='bbox 201 3518 373 3607; x_wconf 87' lang='lat' dir='ltr'><strong>simpliciter</strong></span> <span class='ocrx_word' id='word_1_345' title='bbox 383 3518 517 3607; x_wconf 86' lang='lat' dir='ltr'><strong>protuht:</strong></span> <span class='ocrx_word' id='word_1_346' title='bbox 531 3519 716 3603; x_wconf 89' lang='lat' dir='ltr'><strong>nequeenim</strong></span> <span class='ocrx_word' id='word_1_347' title='bbox 730 3518 833 3583; x_wconf 83' lang='lat' dir='ltr'><strong>comior</strong></span> <span class='ocrx_word' id='word_1_348' title='bbox 844 3539 952 3584; x_wconf 88' lang='lat' dir='ltr'><strong>nomen</strong></span> <span class='ocrx_word' id='word_1_349' title='bbox 964 3540 1080 3608; x_wconf 89' lang='lat' dir='ltr'><strong>semper</strong></span> <span class='ocrx_word' id='word_1_350' title='bbox 1092 3524 1139 3583; x_wconf 90' lang='lat' dir='ltr'><strong>est</strong></span> <span class='ocrx_word' id='word_1_351' title='bbox 1151 3518 1187 3584; x_wconf 92' lang='lat' dir='ltr'><strong>de</strong></span> <span class='ocrx_word' id='word_1_352' title='bbox 1199 3518 1319 3585; x_wconf 85' lang='lat' dir='ltr'><strong>Aristo-</strong></span> 
     </span>
     <span class='ocr_line' id='line_1_41' title="bbox 146 3601 1319 3693; baseline 0.004 -28"><span class='ocrx_word' id='word_1_353' title='bbox 146 3602 245 3690; x_wconf 88' lang='lat' dir='ltr'><strong>phane</strong></span> <span class='ocrx_word' id='word_1_354' title='bbox 271 3602 485 3691; x_wconf 86' lang='lat' dir='ltr'><strong>accipiendum:</strong></span> <span class='ocrx_word' id='word_1_355' title='bbox 514 3622 686 3688; x_wconf 88' lang='lat' dir='ltr'><strong>quamquam</strong></span> <span class='ocrx_word' id='word_1_356' title='bbox 706 3601 881 3669; x_wconf 88' lang='lat' dir='ltr'><strong>Eustathius</strong></span> <span class='ocrx_word' id='word_1_357' title='bbox 901 3612 991 3685; x_wconf 83' lang='lat' dir='ltr'><strong>sane,</strong></span> <span class='ocrx_word' id='word_1_358' title='bbox 1016 3604 1065 3690; x_wconf 92' lang='lat' dir='ltr'><strong>qui</strong></span> <span class='ocrx_word' id='word_1_359' title='bbox 1086 3602 1319 3693; x_wconf 79' lang='lat' dir='ltr'><strong>Aristophanem</strong></span> 
     </span>
     <span class='ocr_line' id='line_1_42' title="bbox 147 3685 1319 3777; baseline 0.003 -27"><span class='ocrx_word' id='word_1_360' title='bbox 147 3686 241 3751; x_wconf 90' lang='lat' dir='ltr'><strong>solum</strong></span> <span class='ocrx_word' id='word_1_361' title='bbox 262 3685 379 3775; x_wconf 84' lang='lat' dir='ltr'><strong>legerat</strong></span> <span class='ocrx_word' id='word_1_362' title='bbox 399 3693 429 3752; x_wconf 91' lang='lat' dir='ltr'><strong>et</strong></span> <span class='ocrx_word' id='word_1_363' title='bbox 449 3707 505 3751; x_wconf 89' lang='lat' dir='ltr'><strong>usu</strong></span> <span class='ocrx_word' id='word_1_364' title='bbox 518 3692 711 3774; x_wconf 71' lang='lat' dir='ltr'><strong>cognowrat,</strong></span> <span class='ocrx_word' id='word_1_365' title='bbox 733 3688 836 3753; x_wconf 86' lang='lat' dir='ltr'><strong>comici</strong></span> <span class='ocrx_word' id='word_1_366' title='bbox 855 3689 975 3754; x_wconf 89' lang='lat' dir='ltr'><strong>nomime</strong></span> <span class='ocrx_word' id='word_1_367' title='bbox 995 3687 1181 3753; x_wconf 86' lang='lat' dir='ltr'><strong>hunerolum</strong></span> <span class='ocrx_word' id='word_1_368' title='bbox 1200 3694 1319 3777; x_wconf 84' lang='lat' dir='ltr'><strong>postem</strong></span> 
     </span>
     <span class='ocr_line' id='line_1_43' title="bbox 147 3771 1321 3863; baseline 0.004 -28"><span class='ocrx_word' id='word_1_369' title='bbox 147 3771 294 3860; x_wconf 85' lang='lat' dir='ltr'><strong>appellat,</strong></span> <span class='ocrx_word' id='word_1_370' title='bbox 316 3771 386 3856; x_wconf 94' lang='lat' dir='ltr'><strong>quin</strong></span> <span class='ocrx_word' id='word_1_371' title='bbox 407 3771 496 3836; x_wconf 90' lang='lat' dir='ltr'><strong>etiam</strong></span> <span class='ocrx_word' id='word_1_372' title='bbox 517 3792 736 3857; x_wconf 88' lang='lat' dir='ltr'><strong>nonnunquam,</strong></span> <span class='ocrx_word' id='word_1_373' title='bbox 757 3792 822 3837; x_wconf 91' lang='lat' dir='ltr'><strong>cum</strong></span> <span class='ocrx_word' id='word_1_374' title='bbox 843 3773 920 3863; x_wconf 89' lang='lat' dir='ltr'><strong>apud</strong></span> <span class='ocrx_word' id='word_1_375' title='bbox 941 3772 1016 3837; x_wconf 87' lang='lat' dir='ltr'><strong>ahos</strong></span> <span class='ocrx_word' id='word_1_376' title='bbox 1037 3773 1097 3838; x_wconf 88' lang='lat' dir='ltr'><strong>scri</strong></span> <span class='ocrx_word' id='word_1_377' title='bbox 1116 3779 1197 3837; x_wconf 86' lang='lat' dir='ltr'><strong>tores</strong></span> <span class='ocrx_word' id='word_1_378' title='bbox 1209 3772 1321 3859; x_wconf 87' lang='lat' dir='ltr'><strong>aliquid</strong></span> 
     </span>
     <span class='ocr_line' id='line_1_44' title="bbox 147 3794 1319 3958; baseline 0.003 -39"><span class='ocrx_word' id='word_1_379' title='bbox 147 3878 196 3919; x_wconf 77' lang='grc' dir='ltr'><strong>ου</strong></span> <span class='ocrx_word' id='word_1_380' title='bbox 220 3862 341 3919; x_wconf 75' lang='grc' dir='ltr'><strong><em>οοιιιῖοο</em></strong></span> <span class='ocrx_word' id='word_1_381' title='bbox 374 3856 534 3921; x_wconf 91' lang='lat' dir='ltr'><strong>adhibitum</strong></span> <span class='ocrx_word' id='word_1_382' title='bbox 570 3857 712 3936; x_wconf 84' lang='lat' dir='ltr'><strong>vidisset,</strong></span> <span class='ocrx_word' id='word_1_383' title='bbox 747 3856 822 3922; x_wconf 92' lang='lat' dir='ltr'><strong>illud</strong></span> <span class='ocrx_word' id='word_1_384' title='bbox 851 3858 990 3923; x_wconf 89' lang='lat' dir='ltr'><strong>continno</strong></span> <span class='ocrx_word' id='word_1_385' title='bbox 1021 3857 1059 3922; x_wconf 88' lang='lat' dir='ltr'><strong>ad</strong></span> <span class='ocrx_word' id='word_1_386' title='bbox 1085 3794 1319 3958; x_wconf 68' lang='lat' dir='ltr'><strong>Aristophanen</strong></span> 
     </span>
     <span class='ocr_line' id='line_1_45' title="bbox 146 3940 1319 4029; baseline 0.005 -26"><span class='ocrx_word' id='word_1_387' title='bbox 146 3940 248 4004; x_wconf 88' lang='lat' dir='ltr'><strong>retulit</strong></span> <span class='ocrx_word' id='word_1_388' title='bbox 275 3941 396 4026; x_wconf 88' lang='lat' dir='ltr'><strong>eiusque</strong></span> <span class='ocrx_word' id='word_1_389' title='bbox 423 3961 532 4006; x_wconf 90' lang='lat' dir='ltr'><strong>nomen</strong></span> <span class='ocrx_word' id='word_1_390' title='bbox 557 3941 723 4006; x_wconf 86' lang='lat' dir='ltr'><strong>substituit:</strong></span> <span class='ocrx_word' id='word_1_391' title='bbox 757 3948 789 4007; x_wconf 89' lang='lat' dir='ltr'><strong>at</strong></span> <span class='ocrx_word' id='word_1_392' title='bbox 814 3963 876 4007; x_wconf 90' lang='lat' dir='ltr'><strong>non</strong></span> <span class='ocrx_word' id='word_1_393' title='bbox 902 3942 981 4007; x_wconf 86' lang='lat' dir='ltr'><strong>cadit</strong></span> <span class='ocrx_word' id='word_1_394' title='bbox 1006 3942 1115 4007; x_wconf 87' lang='lat' dir='ltr'><strong>hocin</strong></span> <span class='ocrx_word' id='word_1_395' title='bbox 1136 3942 1319 4029; x_wconf 75' lang='lat' dir='ltr'><strong>antiquiores</strong></span> 
     </span>
     <span class='ocr_line' id='line_1_46' title="bbox 147 4023 1321 4125; baseline 0.002 -36"><span class='ocrx_word' id='word_1_396' title='bbox 147 4023 377 4107; x_wconf 84' lang='lat' dir='ltr'><strong>Grammaticos,</strong></span> <span class='ocrx_word' id='word_1_397' title='bbox 399 4046 522 4125; x_wconf 92' lang='lat' dir='ltr'><strong>quorum</strong></span> <span class='ocrx_word' id='word_1_398' title='bbox 543 4026 642 4115; x_wconf 85' lang='lat' dir='ltr'><strong>copias</strong></span> <span class='ocrx_word' id='word_1_399' title='bbox 664 4027 720 4091; x_wconf 87' lang='lat' dir='ltr'><strong>hoc</strong></span> <span class='ocrx_word' id='word_1_400' title='bbox 740 4024 806 4091; x_wconf 87' lang='lat' dir='ltr'><strong>luco</strong></span> <span class='ocrx_word' id='word_1_401' title='bbox 826 4025 1000 4093; x_wconf 84' lang='lat' dir='ltr'><strong>Eustathius</strong></span> <span class='ocrx_word' id='word_1_402' title='bbox 1022 4026 1193 4117; x_wconf 79' lang='lat' dir='ltr'><strong>adscripsit:</strong></span> <span class='ocrx_word' id='word_1_403' title='bbox 1221 4027 1233 4091; x_wconf 98' lang='lat' dir='ltr'><strong>i</strong></span> <span class='ocrx_word' id='word_1_404' title='bbox 1283 4048 1321 4093; x_wconf 89' lang='lat' dir='ltr'><strong>us</strong></span> 
     </span>
     <span class='ocr_line' id='line_1_47' title="bbox 146 4108 1216 4212; baseline 0.004 -39"><span class='ocrx_word' id='word_1_405' title='bbox 146 4130 220 4173; x_wconf 85' lang='lat' dir='ltr'><strong>sane</strong></span> <span class='ocrx_word' id='word_1_406' title='bbox 241 4109 454 4176; x_wconf 79' lang='lat' dir='ltr'><strong>vindicaverim</strong></span> <span class='ocrx_word' id='word_1_407' title='bbox 480 4110 570 4175; x_wconf 83' lang='lat' dir='ltr'><strong>istum</strong></span> <span class='ocrx_word' id='word_1_408' title='bbox 594 4110 724 4177; x_wconf 84' lang='lat' dir='ltr'><strong>iambum</strong></span> <span class='ocrx_word' id='word_1_409' title='bbox 745 4108 887 4195; x_wconf 87' lang='lat' dir='ltr'><strong>Cratino,</strong></span> <span class='ocrx_word' id='word_1_410' title='bbox 916 4119 947 4177; x_wconf 88' lang='lat' dir='ltr'><strong>et</strong></span> <span class='ocrx_word' id='word_1_411' title='bbox 974 4108 1051 4212; x_wconf 88' lang='lat' dir='ltr'><strong>quod</strong></span> <span class='ocrx_word' id='word_1_412' title='bbox 1077 4111 1116 4178; x_wconf 89' lang='lat' dir='ltr'><strong>de</strong></span> <span class='ocrx_word' id='word_1_413' title='bbox 1144 4110 1216 4177; x_wconf 88' lang='lat' dir='ltr'><strong>Aris</strong></span> 
     </span>
    </p>

    <p class='ocr_par' dir='ltr' id='par_1_11' title="bbox 146 4192 1320 4372">
     <span class='ocr_line' id='line_1_48' title="bbox 146 4192 1320 4285; baseline 0.003 -28"><span class='ocrx_word' id='word_1_414' title='bbox 146 4192 218 4258; x_wconf 87' lang='lat' dir='ltr'><strong>dicit</strong></span> <span class='ocrx_word' id='word_1_415' title='bbox 244 4192 351 4261; x_wconf 87' lang='lat' dir='ltr'><strong>thus</strong></span> <span class='ocrx_word' id='word_1_416' title='bbox 374 4194 560 4281; x_wconf 86' lang='lat' dir='ltr'><strong>Dionysius,</strong></span> <span class='ocrx_word' id='word_1_417' title='bbox 587 4194 619 4261; x_wconf 94' lang='lat' dir='ltr'><strong>id</strong></span> <span class='ocrx_word' id='word_1_418' title='bbox 651 4195 750 4285; x_wconf 89' lang='lat' dir='ltr'><strong>possis</strong></span> <span class='ocrx_word' id='word_1_419' title='bbox 779 4214 853 4261; x_wconf 89' lang='lat' dir='ltr'><strong>sane</strong></span> <span class='ocrx_word' id='word_1_420' title='bbox 884 4196 922 4263; x_wconf 90' lang='lat' dir='ltr'><strong>ad</strong></span> <span class='ocrx_word' id='word_1_421' title='bbox 948 4196 1106 4262; x_wconf 76' lang='lat' dir='ltr'><strong>edrtimem</strong></span> <span class='ocrx_word' id='word_1_422' title='bbox 1132 4194 1251 4276; x_wconf 80' lang='lat' dir='ltr'><strong>Cratini</strong></span> <span class='ocrx_word' id='word_1_423' title='bbox 1282 4196 1320 4261; x_wconf 82' lang='lat' dir='ltr'><strong>sl</strong></span> 
     </span>
     <span class='ocr_line' id='line_1_49' title="bbox 150 4279 1320 4372; baseline 0.006 -30"><span class='ocrx_word' id='word_1_424' title='bbox 150 4280 323 4346; x_wconf 84' lang='lat' dir='ltr'><strong>Aristarcho</strong></span> <span class='ocrx_word' id='word_1_425' title='bbox 345 4285 476 4346; x_wconf 69' lang='lat' dir='ltr'><strong>cursam</strong></span> <span class='ocrx_word' id='word_1_426' title='bbox 497 4280 624 4362; x_wconf 79' lang='lat' dir='ltr'><strong>referre,</strong></span> <span class='ocrx_word' id='word_1_427' title='bbox 646 4300 732 4367; x_wconf 85' lang='lat' dir='ltr'><strong>quem</strong></span> <span class='ocrx_word' id='word_1_428' title='bbox 752 4279 814 4345; x_wconf 90' lang='lat' dir='ltr'><strong>illic</strong></span> <span class='ocrx_word' id='word_1_429' title='bbox 835 4280 873 4349; x_wconf 89' lang='lat' dir='ltr'><strong>de</strong></span> <span class='ocrx_word' id='word_1_430' title='bbox 894 4288 1015 4348; x_wconf 73' lang='lat' dir='ltr'><strong>amento</strong></span> <span class='ocrx_word' id='word_1_431' title='bbox 1024 4284 1106 4347; x_wconf 80' lang='lat' dir='ltr'><strong>rosis</strong></span> <span class='ocrx_word' id='word_1_432' title='bbox 1121 4279 1320 4372; x_wconf 79' lang='lat' dir='ltr'><strong>disputavisse</strong></span> 
     </span>
    </p>
   </div>
   <div class='ocr_carea' id='block_1_10' title="bbox 0 0 1388 4792">
    <p class='ocr_par' dir='ltr' id='par_1_12' title="bbox 0 0 1388 4792">
     <span class='ocr_line' id='line_1_50' title="bbox 0 0 1388 4792; baseline 0 0"><span class='ocrx_word' id='word_1_433' title='bbox 0 0 1388 4792; x_wconf 95' lang='lat' dir='ltr'><strong> </strong></span> 
     </span>
    </p>
   </div>
  </div>
 </body>
</html>
