2760 4792
330 231 391 301 DE
414 230 558 310 nomo.
578 229 766 302 muoso.
787 230 893 302 ΑΤΤ.
913 231 1060 309 sumo.
1234 234 1278 303 ie

107 391 203 486 οὗπερ
230 396 334 486 ἅρχων
359 399 389 464 oi
419 399 453 464 δὲ
476 397 562 484 παρολ
587 397 660 476 τοδς
687 397 809 478 ἕνδεκα,
855 399 895 464 Oi
921 398 953 464 ‹l’
977 402 1010 464 ἓν
1030 398 1087 488 pit.
1107 403 1167 466 δικ.
1190 401 1219 467 ολ
1240 402 1275 467 δὲ

106 485 185 572 πρὸς
216 494 280 561 τοῖς
305 486 434 566 τειχίοις.
482 487 525 549 At
550 483 768 574 Aristophanes
795 484 912 549 videtur
938 485 1052 550 dixisse
1080 487 1109 550 oi
1135 487 1169 550 δὲ
1189 488 1274 572 παρὰ

106 569 180 648 τοὺς
201 571 305 634 ἕνδεκα
328 570 582 650 ξυμβεβυσμένοι,
604 577 637 634 ut
657 570 854 635 nomenillius
875 570 976 635 iudicii
996 571 1171 659 respiceret:
1213 573 1274 637 Pa·

106 657 260 744 rabystum
281 655 360 719 enim
382 655 553 719 vocabatur:
582 677 634 718 cur
654 655 696 718 ita
723 656 763 718 sit
782 655 957 742 appellatum
977 656 1088 720 indicat
1107 657 1273 737 Pausanias

106 741 132 807 l.
159 741 213 821 28,
240 741 277 804 82
329 737 376 809 Τὸ
407 739 464 820 μὲν
497 730 552 803 οὗν
576 737 764 819 καλεόμενον
789 736 1002 824 Παρόβυστυν
1028 745 1079 819 καὶ
1108 744 1273 825 Τρίγωνον,

106 823 143 891 τό
170 826 227 906 μὲν
253 825 286 888 ἓν
312 823 428 909 ἀφανεῖ
443 829 498 906 τῆς
519 820 635 900 πόλεως
656 821 690 888 δν
710 826 761 887 κοιλ
785 824 833 888 ἐπ’
858 826 1027 906 ἐλαχίστοις
1048 823 1212 891 συνιόντων
1233 830 1275 903 είς

108 907 202 986 αὐτό,
230 914 286 972 τοῦ
308 909 341 973 δὲ
362 908 423 971 ἀπὸ
444 914 500 973 τοῦ
521 906 679 990 σχήματος
699 906 758 990 ἔχει
779 908 819 972 τὰ
840 906 986 990 ὀνόματα.
1030 909 1172 976 Undecim
1193 913 1274 976 viros

108 1003 206 1060 autem
229 994 298 1058 huic
318 993 426 1057 iudicio
455 992 621 1082 praefuisse
649 995 734 1058 docet
759 993 955 1082 Harpocratio
977 1017 1005 1083 p.
1029 993 1100 1060 146.
1125 997 1170 1060 ed.
1192 995 1275 1062 Bek-

107 1080 191 1146 keri:
234 1075 446 1163 Παρόβυστον
468 1075 565 1154 οὕτως
590 1074 724 1143 ἐκαλεῖτό
750 1103 780 1141 τι
805 1085 867 1142 τῶν
895 1078 971 1165 παρ’
989 1078 1167 1160 Ἀθηναίοις
1186 1084 1276 1143 δικα-

107 1164 256 1248 στηρίων,
299 1165 331 1227 ίν
352 1152 377 1250 ᾧ
402 1164 540 1241 ίδίκαζον
566 1164 594 1227 oi
625 1160 667 1227 ιό.
706 1163 857 1248 Ἀντιφῶν
886 1165 919 1228 ἓν
945 1169 989 1251 τῷ
1016 1163 1093 1248 πρὸς
1121 1166 1275 1230 Νικοκλία

107 1252 174 1332 περὶ
197 1245 291 1332 ὅρων·
321 1245 544 1330 μνημονεύουσι
567 1247 596 1311 δ’
621 1249 719 1314 αὐτοῦ
739 1247 827 1312 ἄλλοι
848 1254 961 1314 τετῶν
981 1255 1123 1330 κωμικῶν
1143 1254 1194 1314 καὶ
1218 1255 1276 1314 Τι-

107 1338 225 1417 μοκλῆς
247 1335 279 1397 ἐν
296 1331 595 1419 Ὀρεσταυτοκλείδη.

191 1417 262 1506 lpsa
281 1418 337 1483 hac
357 1419 458 1483 fabula
479 1418 548 1504 quid
568 1417 750 1506 potissimum
771 1423 858 1506 poeta
885 1418 1077 1506 spectaverit,
1112 1420 1185 1487 salis
1214 1440 1276 1486 am·

106 1501 229 1590 higuum
251 1509 310 1568 estc
338 1525 378 1567 ex
399 1503 549 1590 Diogenis
571 1502 686 1588 quidem
708 1503 771 1568 loco
792 1504 824 1567 in
844 1503 981 1568 Prooem.
1005 1504 1056 1568 12.
1079 1524 1163 1589 quem
1186 1526 1276 1570 sura

63 1590 64 1594 ’
107 1587 269 1676 adscripsi,
311 1588 440 1652 sortasse
467 1588 604 1653 coniiciat
630 1588 735 1672 aliquis
763 1588 800 1651 de
827 1589 926 1676 poesis
953 1589 983 1652 vi
1009 1595 1038 1652 et
1065 1597 1172 1653 natura
1200 1527 1276 1656 (lba-

105 1672 197 1737 tinum
222 1673 414 1739 disseruisse:
432 1693 540 1756 ‘neque
560 1674 733 1758 negaverim
754 1670 827 1735 hoc:
849 1673 935 1739 simul
957 1693 1028 1736 vero
1050 1675 1137 1737 etiam
1159 1674 1195 1738 de
1216 1676 1276 1739 rei·

104 1757 240 1846 publicae
261 1757 357 1820 forma
378 1762 409 1820 et
434 1756 601 1819 conditione
628 1756 696 1837 quid
723 1757 862 1835 sentiret,
905 1757 1017 1820 dixisse
1043 1759 1174 1822 videtum
1217 1759 1275 1823 huc

104 1841 304 1906 revocandum
326 1839 513 1924 est‘insigno
539 1840 754 1946 fragmentum,
786 1838 862 1923 quod
889 1840 1020 1903 servavit
1045 1839 1222 1906 Plutarchus
1243 1844 1276 1907 in

104 1925 169 1990 vita
197 1923 331 1988 Cimonis
362 1945 388 1987 c.
415 1923 466 1987 10.
476 1920 505 2007 ⁸)
554 1925 653 2008 Λυτῶ
680 1912 714 1984 dd
739 1923 887 1985 νεανίσκοι
918 1925 1099 2007 παρείποντο
1132 1923 1277 2007 συνήθεις

102 2005 310 2091 ἀμπεχόμενοι
336 2012 456 2088 καλῶς,
488 1995 532 2070 ῶν
553 2009 693 2083 ἕκαστος,
716 2005 811 2082 εἴτις
832 2003 973 2089 συντύχοι
995 2013 1038 2093 τῷ
1065 2008 1187 2089 Κίμωνι
1215 2016 1276 2074 τῶν

103 2093 210 2159 διττῶν
240 2089 443 2178 πρεσβύτερος
475 2090 682 2200 ἢμηιεσμίνος
713 2093 835 2170 ἐνδεῶς,
878 2095 1049 2174 διημείβετο
1078 2094 1155 2179 πρὸς
1182 2094 1277 2159 αὐτὸν

103 2178 143 2243 ad
169 2173 289 2258 ἲμότια·
319 2180 369 2242 καὶ
397 2175 434 2242 τὸ
463 2201 621 2258 γινομενον
651 2178 789 2262 ἐφαίνετο
821 2174 940 2257 σεμνόν.
988 2178 1027 2243 Oi
1053 2177 1086 2241 δ’
1116 2179 1203 2242 αὐτοὶ
1224 2183 1275 2243 καλ

103 2259 240 2372 νόμισμα
262 2264 431 2343 κομίζοντες
453 2259 611 2346 diodorus,
645 2258 864 2345 παριστάμενοι
893 2273 958 2338 τοῖς
985 2274 1119 2345 κομψοῖς
1139 2270 1201 2328 τῶν
1221 2290 1276 2329 πε*

104 2373 204 2457 νιητων
230 2349 263 2414 ἓν
288 2349 385 2436 ἀγορᾷ
412 2353 511 2432 σιωπῇ
533 2353 594 2410 τῶν
621 2349 790 2430 κερματίων
820 2345 981 2426 ίνεβόλλον
1008 2351 1049 2423 είς
1076 2347 1132 2422 τιλς
1156 2359 1273 2434 χεῖρας,

105 2431 208 2583 wlsi
230 2435 280 2496 καὶ
300 2436 456 2520 Κρατῖνος
477 2429 493 2496 ὃ
516 2431 647 2514 κωμικὸς
668 2434 699 2495 ἐν
716 2430 903 2516 Ἀρχιλόχοις
924 2432 1001 2497 Ξ-ὀικε
1020 2439 1199 2517 μεμνῆσθαι
1221 2434 1273 2499 διὰ

102 2542 123 2582 τ
162 2538 238 2583 των·

188 2599 288 2685 Koyd
307 2598 366 2686 γὰρ
388 2597 503 2684 ηόχουν
524 2597 709 2685 Μητρόβιος
730 2596 745 2664 ὅ
766 2600 964 2685 μραμματεδς

188 2687 254 2750 §bv
274 2685 363 2771 ἀνδρὶ
385 2690 460 2772 θείῳ
482 2687 532 2750 καὶ
554 2682 783 2772 φιλοξενωτάτῳ
1027 2761 1029 2769 Ι

168 2774 254 2836 1’Καὶ
278 2770 362 2835 πάντ’
387 2769 502 2858 ἀρίστῳ
523 2777 585 2834 τῶν
604 2767 810 2848 Πανελλήνων
831 2770 890 2850 πρὸ
912 2775 968 2834 τοῦ

188 2858 324 2936 Κίμωνι,
352 2855 483 2942 λιπαρὸν
502 2863 599 2940 γῆρας
620 2854 826 2938 εὐωχούμενος

187 2944 299 3006 Alaina
320 2937 421 3005 πάντα
442 2944 687 3028 συνδιατρίψειν·
709 2937 725 3004 ὁ
748 2941 781 3005 δὲ
802 2940 898 3004 λιπῶν

187 3025 307 3107 Βίβηκε
328 3023 483 3112 πρότερος.

102 3108 184 3176 Hinc
212 3112 351 3176 coniicias
384 3111 560 3176 Metrohium
582 3111 669 3174 istum
692 3111 817 3175 scribam
838 3111 934 3174 fuisse
954 3130 1111 3196 pauperem
1134 3108 1271 3173 eundem-

102 3216 159 3281 que
190 3196 300 3260 eximin
328 3196 460 3262 Cimonis
490 3195 695 3259 benevolentia
722 3202 752 3259 et
773 3195 948 3259 liberalitate
972 3215 1062 3256 usum.
1106 3192 1271 3258 Metrobins

102 3288 199 3345 antem
227 3282 344 3345 videtur
371 3303 466 3346 senex
502 3288 576 3344 later
597 3302 664 3344 esse
687 3278 801 3360 Conni,
844 3282 911 3344 item
934 3277 1111 3377 pauperrimi
1133 3278 1271 3359 fidicinis,

120 3366 154 3429 ui
182 3363 333 3430 Socratem
355 3367 461 3430 fidibus
489 3303 594 3431 docuit
637 3364 726 3430 Hune
752 3366 830 3428 enim
858 3364 999 3429 Metrobir
1026 3362 1117 3425 lilium
1145 3364 1273 3450 appellat

100 3386 191 3514 dioto
217 3451 250 3514 in
275 3449 463 3538 Euthydemo
489 3474 517 3539 p.
545 3453 616 3514 272.
646 3472 685 3514 a:
729 3446 844 3533 Ὅσπερ
870 3448 982 3530 Κόννῳ
1012 3452 1056 3531 τῷ
1082 3451 1269 3530 Μητροβίου

101 3540 146 3622 τῷ
159 3537 340 3621 Κιθαριστῇ
362 3537 433 3600 etin
446 3536 616 3600 Menexeno
637 3556 666 3621 p.
688 3535 762 3598 236.
783 3536 828 3597 A.
852 3536 915 3596 Καὶ
939 3530 1057 3595 Κόννον
1073 3555 1105 3613 με
1127 3531 1270 3613 τὸνΜη-
1337 3601 1340 3606 ,

100 3622 243 3704 τροβίον.
266 3611 350 3684 οὗτοι
371 3618 429 3704 γάρ
450 3647 504 3701 μοι
522 3617 577 3683 δ’όο
600 3623 659 3682 εἶσὶ
678 3615 874 3682 διδάσκαλοι·
897 3613 912 3682 ὃ
934 3618 990 3696 μὲν
1009 3622 1172 3698 μουσικῆς,
1194 3615 1213 3698 ἡ
1236 3619 1270 3680 δὲ

102 3702 276 3790 ῥητορικῆς.
303 3713 333 3770 et
359 3714 460 3770 auctor
486 3705 610 3794 Epistol.
643 3703 757 3769 Socrat.
783 3727 811 3792 p.
837 3705 894 3768 31:
933 3701 1114 3780 Ἀκουμενδν
1133 3701 1186 3764 τὸν
1205 3729 1270 3780 μο-

100 3786 201 3854 olna
235 3789 275 3854 τὰ
307 3790 428 3871 ίατρικιλ
460 3793 510 3853 καὶ
542 3788 581 3854 τὰ
607 3788 740 3870 μουσικὰ
767 3783 906 3867 Δόμωνό
935 3812 967 3851 τε
993 3790 1043 3849 καὶ
1075 3784 1191 3850 Κόννον
1216 3786 1269 3850 τὸν

100 3876 299 3960 Μητροβίου.
341 3875 423 3940 Idem
444 3877 607 3964 suspicatus
629 3883 675 3939 est
694 3874 965 3951 WinkelniannuS‚
1003 3873 1049 3935 vir
1075 3872 1268 3936 amicissimus

100 3958 133 4023 in
152 3960 249 4049 prael.
271 3961 317 4024 ad.
338 3959 469 4047 Euthyd.
490 3983 518 4050 p.
540 3960 611 4026 XL.
654 3959 776 4026 Scribae
798 3967 894 4024 autem
915 3958 1023 4047 publici
1050 3979 1114 4022 cum
1140 3955 1268 4022 Athenis

169 4176 197 4245 ⁸)
233 4181 275 4232 De
296 4179 393 4245 insigni
417 4180 571 4232 liberalitate
595 4179 713 4232 Cimonis
741 4196 808 4248 quae
837 4178 918 4230 refert
940 4176 1096 4228 Plutarchus
1118 4180 1182 4227 noto
1204 4180 1277 4226 snut

102 4247 238 4327 omnibns,
262 4255 369 4301 anctore
386 4256 474 4301 autem
491 4265 554 4327 psius
572 4248 817 4327 estslfheopompm
841 4246 887 4314 qni
909 4244 1116 4313 Philippicorum
1137 4242 1204 4294 libro
1230 4243 1264 4294 X.

100 4318 196 4373 nunriis
212 4316 246 4369 de
263 4316 749 4386 cimonememonaepr0‹no1t,v1d.
766 4315 862 4368 Athen.
879 4315 939 4366 Xll.
958 4331 983 4380 p.
1002 4313 1063 4366 533.
1080 4314 1113 4364 A.

980 4398 1021 4457 20
