2760 4792
163 212 228 281 208
540 212 946 283 COMMENTATIONES

245 381 400 464 Ἀμυνίας
420 378 476 460 μὲν
496 376 513 444 ὅ
534 377 722 463 Προνάπους
744 381 821 468 φησ’
846 379 951 447 οὑτοσὶ

248 465 336 530 Εἶναι
358 462 525 551 φιλόκυβον
547 463 654 529 αὐτόν·
677 465 747 530 ἀλλ’
772 467 861 531 οὐδὲν
881 468 968 550 λίγει.

248 553 318 615 ΣΩ.
340 548 401 614 Μὰ
422 547 473 612 Δί
475 597 485 626 ,
506 549 572 612 ἀλλ’
595 549 648 635 ἀφ’
673 548 768 615 αὑτοῦ
788 551 845 633 τὴν
863 548 954 616 νόσον
974 552 1176 636 τεκμαίρεται.

165 658 231 701 eum
252 644 348 701 autem
369 632 528 720 Amyniam
550 645 650 723 aperte
672 636 822 700 muherem
844 637 919 700 dixit
938 639 971 700 in
991 638 1141 720 Nubibus,
1161 659 1192 703 v.
1212 638 1301 707 6812

251 721 320 783 ΣΩ.
336 716 401 781 Ἔτι
423 718 460 782 dl
477 743 510 801 γε
531 722 598 804 περὶ
618 725 681 785 τῶν
702 717 860 801 ὀνομάτων
879 727 994 801 μαθεῖν
1014 745 1048 785 σε
1068 723 1122 799 δεῖ,

242 802 329 869 ’Ἀπ’
353 801 458 886 ἄρρεν’
482 805 577 881 ἐστίν,
599 801 677 868 άττα
698 804 729 868 δ’
754 804 856 869 αὐτῶν
876 806 985 888 θήλεα.

249 891 345 953 ΣΤΡ.
365 886 448 954 Ἀλλ’
474 885 533 952 οἶδ’
557 887 664 972 ἔγωγ’,
685 886 706 952 ά
726 886 817 970 θήλε’
841 891 931 955 ἐστίν.
973 891 1043 953 ΣΩ.
1064 889 1141 955 Εἰπὲ
1161 887 1210 975 δή.

250 975 340 1037 MP.
366 970 528 1047 Λύσιλλα,
554 977 697 1055 Φιλιννα,
718 972 926 1060 Κλειταγόρα,
948 976 1126 1058 Δημητρία.

250 1059 321 1121 ΣΩ.
337 1054 480 1141 ’Ἀρρενα
501 1057 535 1119 δὲ
555 1068 627 1121 ποῖα
648 1064 710 1122 τῶν
731 1055 905 1142 ὀνομάτων,·
947 1062 1042 1123 ΣΤΡ.
1064 1061 1188 1147 Μυρία.

254 1139 430 1217 Φιλόξενος,
452 1143 630 1223 Μελησίας,
647 1141 815 1222 Ἀμυνίας.

248 1227 320 1290 ΣΩ.
337 1224 435 1290 Ἀλλ’
459 1216 484 1288 ὦ
505 1227 631 1308 πονηρέ,
654 1224 752 1290 ταῦτά
774 1227 803 1312 γ’
828 1224 892 1290 ἴστ’
918 1224 974 1291 ούκ
995 1224 1118 1310 ι’ίρρενα.

250 1312 345 1374 ΣΤΡ.
370 1307 436 1374 otu
458 1306 560 1393 ἄρρεν’
583 1309 656 1391 ύμῖν
677 1313 774 1394 dorem
815 1312 886 1375 ΣΩ.
914 1311 1068 1392 Οὐδαμῶς
1088 1310 1137 1396 γ’,
1160 1312 1223 1379 ίπελ

249 1398 327 1469 Πῶς
349 1391 386 1456 διν
408 1394 564 1470 καλέσειας
585 1397 715 1478 ἐντυχὼν
731 1397 889 1482 Ἀμυνίᾳ,·

250 1480 344 1542 ΣΤΡ.
360 1477 464 1553 Ὅπως
485 1476 538 1560 άν;
559 1477 630 1556 ὡδί,
652 1484 758 1564 δεῦρο,
780 1483 866 1564 δεῦρ’
886 1479 1035 1560 Ἀμυνία.

252 1564 322 1626 ΣΩ.
340 1560 452 1644 Όρᾶςς
472 1573 600 1645 γυναῖκα
620 1565 677 1647 τὴν
689 1565 846 1646 Ἀμυνίαν
866 1570 975 1640 καλεῖς.

251 1650 347 1712 §TE
373 1648 495 1711 Οὐκοῦν
513 1651 650 1724 δικαίως,
672 1647 738 1732 ἥτις
760 1650 796 1714 ού
818 1647 1026 1734 στρατεύεται.
1202 1706 1206 1715 .

166 1733 217 1800 ubi
237 1733 398 1798 Philoxeni
425 1753 537 1819 quoque
559 1741 588 1798 et
608 1733 753 1798 Melesiae
779 1736 898 1800 nomina
923 1756 984 1799 non
1005 1732 1327 1816 tenerositatem,

168 1828 198 1886 et
221 1841 276 1908 per
302 1840 335 1882 se
357 1826 583 1882 cousentaneum
610 1827 706 1884 estet
727 1819 858 1884 Socratis
888 1821 978 1884 verba
1003 1814 1102 1882 τοῦτοί
1127 1817 1158 1902 γ’
1182 1814 1248 1885 hit?
1271 1817 1327 1883 ούκ

167 1902 280 1990 άρρενα
302 1910 439 1990 arguunt.
481 1904 552 1967 Non
572 1905 676 1967 inscite
701 1905 778 1968 enim
799 1904 1015 1992 Aristophanes
1036 1900 1238 1989 Strepsiadem
1256 1902 1328 1969 lecit

167 2011 219 2057 eos
239 1989 418 2052 interritos
440 1989 565 2066 referre,
587 1989 636 2071 qui
656 1989 775 2052 nomine
800 1989 914 2072 quidem
935 1989 1003 2069 viri,
1024 1986 1079 2052 sed
1098 2008 1206 2052 revera
1226 1988 1328 2054 mulie·

167 2096 217 2139 res
239 2079 349 2137 essent
380 2071 421 2133 Et
441 2072 626 2134 Philoxenus
648 2071 762 2155 quidem
782 2072 861 2136 haud
882 2072 969 2135 duhie
990 2073 1017 2135 is
1039 2078 1085 2136 est
1104 2071 1327 2161 intelligendus,

168 2179 252 2245 quern
273 2156 396 2243 Eupolis
417 2155 450 2217 in
471 2153 599 2219 Urbibus
622 2155 747 2219 dilucide
768 2156 908 2220 feminam
931 2155 1072 2301 appellat:

242 2239 329 2303 ’Ἐστι
351 2237 388 2302 δέ
405 2262 451 2313 τις
470 2233 581 2317 θήλεια
604 2236 765 2314 Φιλόξενος
786 2241 819 2302 ἐκ
840 2242 939 2318 Λιομε
952 2265 1003 2303 ων.

166 2325 333 2415 pariterque
354 2325 382 2386 ei
404 2322 556 2386 maledixit
576 2323 793 2411 Aristophanes
815 2324 847 2388 in
867 2324 976 2412 Vespis
997 2345 1026 2388 v.
1045 2324 1103 2390 81:

252 2407 327 2479 ΞΑ.
354 2402 565 2490 Νικόστρατος
586 2407 617 2472 δ’
642 2400 682 2471 αὖ
704 2432 798 2492 φησιν
819 2405 836 2472 ὃ
857 2411 1080 2491 Σκαμβωνίδης

251 2490 337 2556 Εἶναι
359 2488 532 2576 φιλοθύτην
553 2491 647 2557 αὐτὸν
667 2491 686 2576 ἢ
704 2490 870 2578 φιλόξενον.

249 2579 318 2642 ΣΩ.
346 2576 408 2642 Μελ
428 2576 482 2641 τὸν
501 2573 587 2654 κύν’,
609 2569 634 2642 ὦ
654 2575 856 2661 Νικόστρατ’,
878 2576 914 2643 ού
937 2574 1101 2664 φιλόξενος,

246 2662 328 2726 Ἐπεὶ
349 2658 532 2746 καταπύγων
552 2664 634 2726 ἐστὶν
655 2661 670 2726 ὅ
691 2686 724 2744 γε
748 2663 918 2739 Φιλόξενος.

165 2750 216 2813 ubi
244 2769 368 2834 graecus
395 2747 542 2894 interpres
567 2747 650 2812 illum
671 2746 824 2836 Eupolidis
851 2768 968 2811 versum
996 2745 1167 2833 adscripsit,
1197 2745 1328 2811 adhibito

165 2840 319 2923 praeterea
340 2830 473 2914 Phrynic
494 2832 506 2895 i
527 2853 566 2894 ox
587 2830 705 2918 Satyris
727 2832 902 2896 testimonio.
943 2831 1016 2895 Fuit
1037 2838 1133 2894 autem
1153 2828 1202 2893 hic
1222 2830 1326 2895 Philo·

165 2939 262 2982 xenos
288 2916 432 3001 Eryxidis
460 2915 554 2998 lilius,
583 2917 632 3002 qui
663 2924 693 2980 et
719 2917 728 2980 i
751 2939 784 2981 se
810 2923 929 3005 propter
954 2915 1058 2979 foedas
1085 2914 1223 2979 libidines
1250 2914 1326 2979 mole

166 3002 288 3083 audivit,
308 3000 367 3065 vid.
389 3022 462 3085 quae
484 3021 523 3063 ex
543 3001 703 3065 Aeschinis
725 2939 854 3089 dialogo,
876 3002 925 3086 qui
947 2999 1059 3065 Callias
1080 2999 1239 3087 inscriptus
1259 3000 1325 3079 luit,

165 3088 339 3152 Athenaeus
367 3084 405 3153 V.
426 3107 455 3172 p.
477 3088 540 3150 ‘220
560 3085 597 3149 Β.
626 3085 726 3150 affert:
768 3088 863 3169 Λίγει
890 3084 948 3169 γάρ
975 3080 1018 3158 ὡς
1045 3084 1062 3147 b
1088 3084 1144 3164 μὲν
1170 3079 1327 3168 Πρόδικος

168 3170 353 3253 Θηραμένην
371 3168 519 3251 μαθητὴν
539 3169 727 3248 ἀπετέλεσεν,
755 3166 772 3234 ὃ
793 3171 823 3235 δ’
848 3171 948 3253 λ’τερος
969 3163 1210 3251 (Ἀναξαγόρας)
1232 3164 1326 3233 Φιλό-

166 3260 249 3332 ξενον
270 3254 324 3320 τόν
341 3252 497 3339 Ἐρύξιδος
524 3257 574 3318 καὶ
594 3253 795 3340 Ἀριφράδην
820 3255 874 3319 τὸν
899 3251 1031 3338 ἀδελφὸν
1048 3248 1244 3336 Ἀριγνώτου
1270 3256 1326 3317 τοῦ

166 3343 362 3425 κιθαρῳδοῦ,
389 3339 490 3404 θίλων
511 3338 574 3402 sind
593 3346 647 3419 τῖης
667 3347 729 3405 τῶν
755 3339 955 3422 δηλωθέντων
980 3339 1156 3423 μοχθηρίας
1181 3340 1234 3401 καλ
1259 3339 1327 3423 περὶ

165 3425 205 3489 coi
228 3430 335 3510 φαῦλα
362 3426 490 3504 λιχνείας
521 3426 687 3509 ἐμφανίσαι
708 3423 764 3506 τὴν
784 3430 844 3489 τῶν
864 3420 1091 3488 παιδευσάντων
1116 3422 1328 3487 διδασκαλίαν.

166 3512 263 3594 itaque
283 3532 346 3573 cum
381 3511 471 3573 ariter
489 3518 574 3594 atquo
591 3510 785 3597 Ariphrades,
803 3510 889 3574 homo
907 3508 1135 3588 abiectissimus,
1154 3528 1194 3572 ex
1204 3504 1327 3571 Anaxa·

190 3617 259 3658 orae
269 3530 423 3680 disciplina
441 3595 588 3679 profectus
608 3616 675 3659 esse
686 3595 884 3682 perhibeatur,
898 3592 1027 3658 moribus
1040 3612 1099 3655 non
1111 3613 1184 3656 sane
1199 3590 1328 3656 dissimi-

165 3617 242 3743 dbus
263 3678 379 3741 videtur
399 3679 507 3742 luisse:
534 3701 635 3743 verum
657 3679 694 3743 de
714 3678 882 3767 Ariphrade
909 3678 1020 3742 dicetur
1040 3676 1135 3756 inlra3
1156 3696 1328 3775 quamquain

165 3763 332 3829 Aeschines
353 3763 385 3826 in
406 3761 571 3827 Philoxeno
593 3764 709 3827 videtur
729 3764 824 3850 magis
851 3764 938 3827 etiam
960 3762 1146 3849 gulositatem
1166 3765 1329 3825 nutavisse.

166 3848 264 3913 Huius
281 3847 357 3910 enim
372 3846 532 3911 Philoxeni
545 3848 731 3934 gulositatem
743 3849 802 3912 insi
847 3870 893 3911 em
911 3848 1006 3911 fuisse
1023 3845 1195 3911 documento
1210 3856 1328 3909 suntet

165 3953 240 4018 quae
261 3953 300 3995 ex
312 3931 481 4019 Theophilo
503 3931 591 3996 affert
611 3934 783 3996 Athenaeus
821 3983 828 3998 .
841 3930 966 4080 p.de
990 3926 1140 4034 Θεόφηλος
1160 3929 1197 3993 δέ
1217 3948 1328 4015 φησιν·

169 4016 236 4098 Οὐχ
257 4013 357 4121 ηλσπερ
382 4013 545 4091 Φιλόξενον
570 4016 624 4081 τόν
640 4013 811 4100 Ἐρύξιδος·
857 4025 951 4090 κεῖνος
970 4011 1045 4099 γάρ,
1068 4039 1109 4089 ως
1130 4013 1239 4092 ἔοικεν,
1260 4014 1327 4078 ἔπι-

163 4125 358 4209 μεριφομενος
377 4100 433 4182 τὴν
446 4099 546 4185 φύσιν
566 4104 607 4176 εἰς
628 4101 683 4185 τὴν
701 4097 872 4181 1όιπόλαυριν
893 4096 1006 4183 ηόξατό
1029 4124 1101 4163 ποτε
1121 4095 1250 4265 γεράνου
1271 4096 1328 4177 τὴν

165 4209 308 4271 φαρυγγα
329 4194 423 4267 σχεῖν·
459 4184 539 4249 ἀλλὰ
559 4184 638 4250 πολύ
657 4188 778 4267 μᾶλλον
795 4187 890 4249 ἵππον
911 4182 988 4259 όλως
1008 4182 1028 4267 ἢ
1048 4186 1127 4264 βοῦν
1188 4179 1327 4265 κάμηλον

164 4270 183 4333 ii
205 4272 356 4358 ἐλέφαντα
383 4272 433 4335 δεῖ
455 4266 634 4349 σπουδάζειν
653 4270 813 4356 γενίσθαι·
843 4267 925 4336 ούτω
949 4268 1008 4355 γὰρ
1035 4268 1069 4334 αῖ
1089 4268 1252 4349 ἐπιθυμίαι
1274 4268 1327 4330 καλ
