2768 4770
109 180 176 249 362
494 172 897 243 COMMENTATIONES

109 345 218 412 Κλέων
237 340 429 425 Ἀθηναίοις,
461 342 539 425 μετὰ
564 341 600 409 τὸ
636 348 742 425 λαβεῖν
768 342 825 427 τὴν
850 338 970 408 Πίλον.
987 400 990 405 ,
1005 338 1127 409 Ἔνθα
1151 346 1202 409 sul
1222 342 1267 411 τίκ

109 428 258 513 Κωμικὸν
283 424 512 492 ἐπισκώπτοντα
533 430 640 492 εἰπεῖν·
1073 474 1078 483 -
1236 480 1239 485 .

515 515 649 598 Πρῶτος
668 536 728 597 γαρ
749 508 847 593 ἡμᾶς,
870 503 895 575 ὦ
916 509 1027 577 Κλέων

196 596 326 680 Χαίρειν
347 605 528 679 προσεῖπας,
556 596 656 661 πολλὰ
676 602 780 661 λυπῶν
800 595 856 679 τὴν
877 591 975 660 πόλιν.

109 684 187 749 Nam
220 684 274 747 hos
300 702 406 746 versus
435 681 590 771 Eupolidis
617 703 683 748 esse
717 703 778 747 non
805 680 922 763 dubito,
962 680 1100 769 idemque
1130 682 1268 773 perspmil

110 768 305 848 FritrschinS,
326 767 375 852 qui
397 766 527 833 eiusdem
549 767 732 855 argumentis
755 787 825 832 usus
846 765 921 829 haec
941 765 979 831 ad
999 788 1049 832 me
1069 766 1203 857 scripsit:
1219 768 1268 853 ,u

111 854 208 939 aliqua
228 852 330 917 sabula
350 851 505 1001 Eupolidis
528 854 602 936 (non
623 853 655 916 in
676 850 860 932 Maricante,
881 850 932 915 ubi
952 847 1052 919 Cleon
1069 854 1134 919 iam
1152 862 1269 953 moptsus

694 510 704 534 l

111 942 188 1019 erat)
212 936 307 1003 Cleon
335 959 440 1001 acere
468 939 637 1025 exagitatus
665 944 744 1019 erat,
770 937 893 1024 ipseque
918 936 952 999 in
977 956 1099 1003 scenam
1124 936 1269 1027 proclamat.

108 1024 236 1088 Luciam.
263 1021 458 1088 Prometheus
489 1022 515 1087 l.
544 1027 584 1087 2:
628 1019 670 1096 ῶς
698 1016 714 1085 ὃ
742 1019 890 1102 Κωμικὸς
923 1018 1087 1109 (Eupolis,
1128 1030 1162 1091 ut
1188 1024 1270 1105 celest

109 1106 296 1188 Scholiasta)
339 1107 448 1170 Κλέων
489 1101 682 1188 Προμηθεύς
724 1108 788 1171 ἐστι
830 1101 908 1186 μετοὶ
948 1102 988 1169 τὰ
1031 1102 1209 1192 πράγματα.
1233 1146 1270 1159 -

109 1191 217 1257 Suidas
241 1214 268 1256 v.
285 1193 414 1275 Χαίρειν
433 1228 475 1239 -
496 1194 630 1273 Πρῶτον
652 1192 685 1255 δέ
700 1186 830 1255 Κλέωνά
857 1214 951 1275 φησιν
968 1187 1133 1273 Εὔβουλος
1153 1192 1170 1277 ἢ

110 1277 163 1353 κὸς
189 1274 287 1351 οὕτως
313 1279 476 1340 ἐπιστεῖλαι
497 1284 562 1351 τοῖς
578 1274 754 1359 Ἀθηναίοις
780 1273 842 1339 ἀπὸ
862 1266 1080 1362 Σφακτηρίας,
1109 1276 1163 1365 lp'
1185 1218 1271 1367 m

108 1360 331 1445 ῶπερησθῆναι,
353 1360 432 1444 (scil.
450 1359 712 1442 τοὺςἈίληναίοος
734 1360 810 1425 male
830 1360 991 1449 interpres)
1013 1362 1145 1445 ἀγνοῶν,
1165 1360 1209 1430 ὅτι
1227 1367 1271 1446 καί

110 1448 138 1511 σί
159 1450 284 1511 παλαιοί
306 1448 448 1529 ἐχρῶντο.
469 1446 647 1511 Incredibile
668 1454 714 1510 est
727 1445 875 1511 Eubulum
894 1447 952 1511 hoc
972 1447 1099 1513 dixisse.
1120 1446 1271 1519 cureuil

109 1531 244 1598 Eubulus
270 1532 470 1620 potissimum,
502 1531 616 1595 mediae
643 1530 810 1596 comoediae
841 1538 943 1618 poeta,
974 1553 1039 1597 rem
1064 1538 1127 1602 mm
1154 1544 1271 1605 ueterem

110 1617 318 1683 resuscitarett
361 1616 412 1679 Ex
438 1616 531 1704 ipsios
560 1637 631 1680 vero
658 1616 760 1680 comici
788 1616 923 1680 versibus
957 1624 1098 1706 apparet,
1141 1618 1272 1689 Cleonem

110 1709 171 1767 tum
191 1704 224 1766 in
245 1724 362 1766 scenam
382 1722 576 1790 progressum
592 1723 669 1766 esse.
689 1700 724 1764 ld
736 1721 807 1764 vero
830 1700 983 1766 ridiculum
1004 1702 1100 1769 fuerit
1120 1704 1272 1774 deEubulu

111 1787 218 1853 dicere.
262 1786 354 1852 Certo
384 1787 569 1851 scribendum
598 1794 657 1851 est:
688 1782 823 1861 Είίπολις
851 1781 1031 1865 ὁκωμικός.
1073 1786 1193 1858 Versus
1217 1812 1271 1857 sm·

109 1880 218 1938 varunt
237 1871 353 1936 Moeris
373 1893 403 1961 p.
423 1872 489 1945 418
509 1878 539 1935 et
558 1870 628 1934 inde
649 1871 722 1935 satis
744 1876 880 1959 corrupte
900 1870 1035 1939 Thomas
1054 1872 1105 1939 M.
1125 1872 1271 1965 pesth.

110 1955 199 2023 itura
219 1960 270 2022 καί
290 1956 345 2022 τὸν
363 1954 498 2038 κωμικὸν
519 1951 747 2021 ἐπισκώπτοντα
768 1956 874 2019 εἰπεῖν·

396 2044 530 2126 Πρῶτος
549 2041 607 2125 γὰρ
628 2037 726 2119 ἡμᾶς,
754 2030 780 2103 ὦ
799 2037 919 2117 Κλέων,

194 2126 325 2211 Χαίρειν
344 2135 526 2213 προσεῖπας,
557 2126 656 2189 πολλὰ
678 2129 781 2189 λυπῶν
801 2123 859 2207 τὴν
879 2120 976 2190 πόλιν.

109 2210 194 2279 Adde
215 2211 269 2275 τὸν
289 2208 437 2289 κωμικόν,
458 2231 566 2275 novum
588 2217 793 2296 argumentum
812 2231 866 2299 pro
888 2208 1044 2298 Eupolide.
1086 2212 1167 2293 Nom
1187 2210 1271 2283 ὅττι-

109 2295 198 2378 μικὸς
219 2296 391 2383 saepissime
413 2301 460 2360 est
479 2294 713 2382 Aristophanes,
734 2295 812 2360 baud
833 2316 902 2359 raro
922 2294 1111 2380 Menander,
1136 2300 1272 2376 interdu

109 2401 182 2445 vero
204 2381 290 2445 etiam
303 2379 427 2468 Eupolis
445 2380 587 2479 (Luciam.
608 2401 699 2467 supra
719 2380 973 2481 etNigrin3cJ),
995 2378 1176 2483 ptEubnlus
1196 2384 1272 2487 phas

109 2464 680 2651 lilii{plidilihlllfflb’alii
697 2473 858 2636 illidi
878 2470 1272 2623 hddihffldaffl

110 2655 175 2699 cum
197 2656 307 2700 erroris
328 2634 473 2700 mendacii
493 2634 684 2719 inscitiaeqne
706 2656 848 2721 arguere,
869 2635 968 2721 itaque
987 2636 1078 2705 otiam
1091 2636 1271 2709 Scholldub.

109 2719 189 2801 609,
222 2720 271 2804 qui
300 2727 398 2784 tamen
422 2721 481 2809 ipsi
506 2740 619 2807 quoqne
645 2719 815 2785 memoriam
845 2719 928 2787 illam
955 2719 992 2785 do
1021 2718 1155 2805 Cleone,
1188 2726 1271 2817 prino

110 2804 281 2887 inventore,
312 2805 432 2869 habent.
474 2804 518 2869 At
548 2803 691 2893 quomodo
729 2804 849 2869 modom
885 2804 952 2871 falb
1007 2812 1107 2873 oterat
1137 2808 1270 2901 Eupol'ul

109 2889 157 2954 Ne
178 2890 332 2954 Lucienus
359 2890 473 2973 quidem
502 2910 555 2977 pro
583 2889 669 2975 lapsu
694 2888 728 2953 in
748 2888 834 2953 salut
856 2911 881 2953 c.
901 2890 923 2954 3
944 2826 1006 2957 ved
1014 2890 1185 2981 Dionysius
1205 2894 1270 2987 apul

110 2972 268 3039 Scholiast.
278 2974 432 3062 Aristoph.
445 2973 525 3039 Plut.
539 2996 567 3038 v.
579 2975 644 3038 322
665 2971 729 3055 (ubi
750 2981 797 3038 est
813 2972 1104 3058 ΚλέωνἈθηναίων
1123 2984 1164 3067 τῇ
1182 2984 1270 3067 Md

110 3061 226 3146 καὶτῷ
248 3055 495 3145 (triangulata)
518 3080 621 3125 errare
647 3064 790 3144 poterant.
832 3056 947 3147 Nempe
974 3082 1025 3127 res
1052 3062 1098 3129 ita
1117 3084 1153 3129 se
1178 3066 1269 3147 habau

107 3153 205 3228 χαῖρε,
224 3146 350 3228 χαίρειν,
369 3145 486 3225 χαίρειν
506 3142 582 3227 λέγω
603 3144 695 3229 vulgo
708 3142 860 3208 oGraocls
880 3143 912 3207 iu
932 3144 1089 3213 salutando
1110 3148 1172 3215 iam
1191 3150 1269 3217 mullo

110 3236 178 3293 ante
200 3229 271 3294 belli
290 3228 501 3316 Peloponnesii
527 3234 640 3317 tompus
668 3234 837 3315 usurpatum
858 3235 921 3310 est,
949 3252 1053 3299 verum
1080 3234 1269 3321 nunqunmfl

109 3312 290 3377 admiserant
310 3321 378 3377 ante
389 3312 532 3379 Cleonem
551 3314 744 3401 imperatores
756 3312 982 3379 Atheniensium
1003 3315 1269 3409 iulitterispublist

110 3397 149 3463 ad
169 3398 305 3486 populum
328 3398 413 3462 datis.
447 3397 561 3486 Optime
583 3398 651 3483 quid
672 3398 719 3461 rei
744 3402 823 3463 esset
843 3397 1033 3465 intellexerat
1046 3400 1205 3471 Lucienus
1223 3402 1268 3474 lt

106 3479 164 3546 Ἐν
185 3483 345 3564 ἐπιστολῆς
366 3483 399 3546 δὲ
419 3481 498 3568 ἀρχῇ
521 3484 629 3547 Κλέων
651 3478 666 3546 ὁ
685 3481 857 3564 Ἀθηναίων
877 3485 898 3545 d
916 3484 1059 3571 μαγωγὸς
1085 3486 1151 3553 ἀπὸ
1171 3492 1269 3577 Σφα-

107 3569 215 3652 τηρίας
241 3572 362 3653 πρῶτον
386 3568 504 3653 χαίρειν
528 3566 718 3652 προῦθηκεν,
745 3509 1003 3652 εὐαγγελιζίμενος
1026 3566 1084 3653 τὴν
1111 3572 1269 3662 slepands

108 3651 224 3716 ε’κεΐθεν
245 3654 296 3716 καί
318 3651 372 3734 τὴν
393 3659 455 3716 τῶν
472 3655 677 3736 Σπαρτιατῶν
698 3648 826 3716 ἅλωσιν·
848 3656 898 3716 καί
921 3650 1003 3734 ὅμως
1021 3677 1056 3739 γε
1075 3656 1148 3739 μετ’
1172 3662 1269 3727 tuan

108 3732 257 3813 ὃΝικίοις
283 3736 344 3800 ἀπὸ
365 3738 504 3812 Σικελίας
530 3736 724 3802 ἀποστέλλων
751 3738 783 3801 έν
809 3742 854 3823 τῷ
880 3736 998 3827 ῶρχαίιρ
1022 3744 1087 3807 τῶν
1112 3742 1280 3826 {musolf

108 3822 266 3903 διέμεινεν,
289 3819 345 3885 ἀπ’
370 3821 473 3886 αὐτῶν
494 3819 662 3905 ἀρξάμενος
682 3826 744 3886 τῶν
764 3818 963 3906 πραγμάτων.
1003 3822 1099 3895 Vides
1119 3828 1173 3897 hic
1192 3829 1271 3903 Glos-

107 3926 175 3970 nem
186 3908 291 3971 Niciae
313 3929 330 3971 o
370 3909 431 3989 oni,
452 3908 657 3996 imperatorem
678 3908 861 3996 imperatori:
884 3930 919 3973 ac
934 3908 1093 3979 verissima
1113 3920 1188 3982 sunt
1205 3934 1270 4004 queo

107 3989 145 4090 de
164 3989 253 4090 Nicia
273 3928 403 4075 tradidit,
424 4000 456 4057 ut
476 4012 535 4056 uno
557 4014 644 4057 exem
663 3992 693 4059 lo
715 3994 921 4080 cognovimus,
939 3992 1131 4083 Thucydidis
1141 3998 1213 4069 Vll.
1223 4000 1269 4067 10:

106 4076 148 4141 1h1
170 4077 293 4164 epistola
315 4077 456 4161 quaedam
466 4077 574 4143 Niciae
592 4079 629 4142 ab
643 4015 698 4143 his
718 4078 819 4143 verbis
840 4078 958 4168 incipit:
981 4080 1032 4145 Τὰ
1051 4082 1112 4162 μέν
1131 4080 1271 4171 πρίττροτ

106 4154 1271 4338 suffocassetcattlec³⁶²...
