2760 4792
153 213 196 279 94
541 210 948 293 θθόΠίΕΝΤλΤΙΟΝΕΒ

236 375 345 463 Νῆσός
363 403 411 457 τις
431 378 494 447 ἔστί
516 375 636 464 πρόσθε
657 382 835 488 Σαλαμῖνος
854 377 968 462 τόπων,

238 463 341 550 Βαιό,
362 462 519 549 δύσορμος
540 466 661 544 ναυσίν,
687 464 726 548 ἢν
747 491 764 531 ο
786 462 953 618 ηιλόχορος

239 550 314 616 Πὰν
334 547 508 631 ἐμβατεύει,
529 551 656 628 ποντιάς
676 549 772 635 ἀκτῆς
807 576 852 616 πι.

155 635 297 704 Cratinus
328 641 440 718 autern,
471 635 548 725 apud
573 657 660 786 puero
687 637 795 704 chora
821 637 938 704 uidetur
964 637 1081 705 Panem
1104 637 1254 723 salutare,
1295 648 1327 708 ut

154 722 281 787 orationi
301 719 476 808 dignitatem
496 740 574 807 quan
594 743 642 787 am
668 721 853 806 conciliaret,
883 723 1066 811 tragicorum
1089 731 1242 813 poetarum
1264 746 1327 792 ser·

154 827 269 873 monem
301 804 463 871 aemulatus
490 813 551 872 est:
583 829 653 872 nam
678 829 801 896 prorsus
831 807 969 875 similiter
996 808 1034 875 de
1060 808 1147 876 Pane
1167 810 1245 877 dixit
1264 809 1326 881 Aa·

154 889 277 977 schylus
299 911 336 956 eo
356 889 437 975 loco,
470 891 556 958 modo
584 912 669 977 quem
691 893 770 975 dixi,
803 899 834 959 et
853 892 1016 983 Euripides
1035 893 1068 958 in
1090 893 1228 985 Telepho
1250 894 1326 987 apud

153 977 284 1062 Dionys.
304 975 422 1058 Halia,
444 975 481 1042 de
502 997 630 1065 compos.
651 978 734 1043 verb.
755 998 785 1066 p.
805 976 871 1044 426
891 979 938 1045 ed.
959 977 1120 1047 Schsefer:

241 1062 273 1126 Ω
292 1069 367 1146 γαΐα
388 1061 512 1147 πατρίς,
534 1058 572 1143 ἣν
591 1061 707 1144 Πίλοψ
728 1058 866 1147 ὁρίζεται,

238 1143 350 1233 Χαῖρ’,
377 1141 411 1221 ὅς
431 1170 464 1210 τε
484 1143 599 1231 πέτρον
615 1143 788 1230 Ἀρκάδων
808 1145 1013 1233 δοσχειμίροσν

240 1231 315 1296 Πὰν
335 1227 528 1312 ἐμβατεύεις,
553 1230 640 1295 ἴνθεν
660 1229 788 1314 εῦχομαι
809 1231 904 1316 γένος.

155 1317 196 1382 Et
216 1316 289 1382 illud
311 1335 436 1402 qnoque,
456 1314 533 1401 quod
555 1315 631 1380 dixit
644 1315 749 1405 Argos
764 1317 856 1382 Pelas
881 1318 968 1398 curn,
989 1334 1029 1380 ex
1038 1316 1195 1406 tragoedia
1204 1318 1325 1409 petitu

155 1402 307 1468 existimo:
330 1401 448 1465 dixerat
469 1421 542 1465 sane
562 1401 622 1466 iem
643 1401 792 1467 Homerus
813 1339 910 1468 llll.
931 1400 1010 1466 681:

191 1507 193 1510 ·
239 1490 310 1551 Νῦν
331 1477 371 1548 οῦ
392 1481 480 1561 τούς,
503 1481 589 1550 ducor
610 1484 646 1551 τὸ
668 1486 862 1571 Πελασγικὸν
874 1484 999 1570 ’Ἀργος
1020 1485 1133 1564 ἔναιον,

243 1571 286 1636 O‘c'
304 1569 334 1634 τ’
351 1567 473 1646 ”Λλον,
496 1570 527 1634 oi‘
545 1571 575 1634 τ’
594 1568 741 1654 Ἀλόπην
762 1573 793 1636 οἵ
811 1596 844 1637 τε
867 1567 996 1656 Τρηχῒν’
1020 1570 1172 1653 ἐνέμοντο,

241 1655 284 1721 O‘l
302 1653 331 1720 τ’
355 1651 435 1736 εἶχον
457 1652 791 1738 materialitatis
812 1653 1040 1741 καλλιγύναικα,

238 1737 440 1825 Μυρμιδόνες
460 1739 495 1804 dl
515 1745 661 1806 καλεῦντο
682 1743 733 1805 καί
747 1738 896 1824 Ἕλληνες
917 1742 968 1804 καί
985 1737 1126 1825 Ἀχαιοί.

155 1833 186 1894 at
205 1825 232 1891 is
254 1825 435 1892 Thessaliae
456 1824 558 1891 urbem
578 1825 741 1892 intellexit:
770 1848 873 1893 verum
893 1825 1003 1914 tragici
1023 1831 1127 1915 poetae
1147 1825 1326 1915 nescioquo
1357 1878 1360 1887 .

154 1919 273 1979 auctore
293 1910 397 2012 Apgos
419 1910 495 1996 quod
516 1910 767 2011 inPeloponneso
790 1917 836 1976 est
855 1910 1048 2000 Pelasgicum
1068 1917 1189 1976 uocant:
1215 1910 1260 1979 uli
1280 1918 1327 1997 ul

41 2065 43 2069 ,
155 1997 232 2089 apud
252 1995 424 2085 llurrpadenr
449 1995 482 2058 in
502 1994 680 2061 Phoenresis
702 2017 730 2060 v,
751 1997 831 2062 2⁵6:

232 2079 356 2165 ’Ἅργος
376 2071 402 2143 ῶ
422 2079 618 2162 Πελασγικὸν

169 2158 174 2173 l
239 2165 397 2246 Δειμαίνοι
417 2162 474 2227 τὰν
495 2161 554 2227 σόν
574 2160 681 2227 ἀλκύν.

154 2258 185 2317 et
205 2271 257 2316 sae
277 2250 324 2314 ius
344 2250 377 2315 iu
398 2247 506 2312 Oreste
528 2268 557 2312 v.
577 2248 656 2313 691:

238 2271 341 2419 illim
366 2331 423 2415 μέν
444 2323 499 2396 οῦν
518 2327 557 2394 ἂν
578 2330 635 2416 ούχ
654 2327 908 2419 ῦπερβαλοίμεθοι

238 2416 402 2500 Πελασγὸν
416 2414 467 2483 ”A
487 2440 549 2500 γος.

156 2512 187 2571 et
206 2525 311 2571 rursus
331 2501 403 2569 itia.
426 2502 466 2568 12
515 2525 523 2567 :

240 2587 418 2672 Μυκηνίδες
438 2579 464 2652 ῶ
485 2589 583 2674 φίλαι,

111 2701 120 2708 ··
245 2674 296 2739 Τὰ
317 2679 424 2758 πρῶτα
446 2671 525 2737 κατὰ
545 2668 709 2756 Πελασγὸν
730 2670 799 2748 ἕδος
815 2669 931 2758 Ἀργεί
971 2717 981 2738 .

156 2766 187 2827 et
207 2758 304 2826 denuo
324 2780 353 2823 v.
375 2757 474 2825 1296:
516 2759 679 2842 Πελασγὸν
692 2754 826 2841 Ἀργος
849 2778 876 2822 v.
899 2757 998 2823 1601:
1034 2754 1329 2845 ’ἍργοςΠελιισγι-
1354 2786 1358 2795 ·

156 2842 219 2911 κόν.
261 2844 329 2910 Non
350 2849 448 2909 tamen
468 2842 579 2932 primus
606 2842 664 2908 luit
683 2841 860 2932 Euripides,
893 2842 942 2928 qui
968 2842 1024 2907 hac
1044 2842 1242 2943 appellatione
1263 2844 1337 2911 ute?

155 2936 254 3013 retur,
275 2929 328 2994 sed
349 2928 425 2993 alius
446 2928 592 3014 antiquior
604 2928 747 3016 tragicus,
767 2928 799 2993 id
840 2927 897 2992 uod
917 2925 967 2992 vel
988 2927 1037 2992 hic
1057 2951 1068 2991 r
1088 2949 1121 2992 se
1143 2926 1262 2995 canani
1281 2928 1329 2997 lo·

149 3036 208 3081 cos
228 3015 354 3104 probare
377 3012 508 3079 videtur:
543 3013 672 3078 fortasse
700 2947 870 3099 Aeschylus
898 3011 1009 3100 primus
1024 3010 1041 3038 ''
1077 3036 1150 3095 ργος
1168 3015 1329 3101 Πελασγοὶ

149 3100 210 3171 κόν
231 3098 397 3189 usurpavit3
429 3097 537 3186 tragici
557 3099 636 3163 eninr
658 3118 770 3163 summa
791 3098 987 3162 consensione
1008 3098 1165 3186 perhibent
1184 3098 1330 3200 antipolis·

156 3189 239 3256 simis
260 3184 438 3274 temporibus
448 3182 597 3271 Pelasgos
618 3182 686 3247 illas
707 3181 848 3269 regiones
869 3182 1001 3246 tenuisse
1022 3182 1329 3275 eosqueaboligrnes

156 3276 267 3356 fuisse,
299 3273 342 3336 ita
361 3292 396 3335 ue
424 3275 458 3333 ut
476 3289 585 3356 magno
607 3268 703 3352 aliquo
724 3265 837 3331 honore
859 3273 980 3348 ornent,
1012 3265 1117 3356 Argos
1138 3275 1247 3334 vocant
1264 3268 1330 3335 Ps-

155 3361 310 3448 lasgicum.
377 3357 404 3419 ic
430 3352 600 3439 Aeschylus
626 3353 659 3416 in
681 3350 868 3439 supplicibus
889 3349 1024 3439 Argivos
1045 3351 1227 3440 Pelasgosi
1262 3374 1330 3419 um·

156 3466 212 3531 que
232 3464 335 3530 regem
355 3440 518 3526 Pelasgum
538 3457 646 3502 vocare
667 3435 759 3517 solet,
782 3436 821 3500 cl.
841 3445 961 3524 praeter
982 3437 1042 3504 alia
1061 3437 1136 3503 illud
1156 3458 1186 3503 τ.
1206 3440 1229 3503 2
1278 3461 1289 3503 ε

243 3531 310 3590 Τοῦ
332 3529 473 3610 γηγενοῦς
493 3519 552 3607 γύρ
575 3520 635 3602 εἶμ’
659 3519 718 3608 dyo)
738 3521 963 3602 Παλαίχθονος

207 3680 210 3700 Ι
234 3603 305 3686 'larg
325 3612 506 3713 Πελασγοῦ,
527 3609 620 3690 τῆσδε
640 3612 695 3690 γῆς
716 3603 898 3689 ἀρχηγέτης·

236 3696 337 3776 ’spot
360 3692 391 3756 δ”
415 3691 546 3767 ἄνακτος
566 3686 696 3775 εύλόγιος
717 3686 876 3770 ἓπῶνυμον

240 3784 271 3846 Γ
269 3781 335 3855 ε’νος
354 3780 526 3861 Πελασγῶν
545 3774 634 3860 τήνδε
655 3779 827 3861 καρποῦται
845 3768 959 3857 χθόνα.

155 3868 227 3934 ibid.
248 3888 277 3931 v.
297 3865 370 3931 6³2.
398 3858 486 3926 πόλιν
504 3857 673 3946 Πελασγόν
694 3865 724 3925 ct
743 3880 773 3925 v.
795 3858 893 3926 1024:
932 3854 1020 3924 πόλιν
1039 3860 1213 3944 Πελασγῶν
1239 3856 1328 3927 dixit.

153 3951 318 4041 Sophocles
345 3945 437 4013 semel
462 3945 610 4034 Pelasgos
638 3952 858 4027 commemorat,
896 3943 951 4010 sed
975 3944 1018 4008 ita
1044 3952 1077 4011 ut
1105 3966 1172 4010 eum
1198 3945 1327 4013 saudan

152 4036 331 4190 ffioenfilm
339 4039 482 4202 {sapsam
505 4051 573 4095 esse
594 4035 749 4122 appareat,
770 4029 804 4095 in
823 4028 933 4095 Inacho
955 4028 1046 4123 (apud
1066 4029 1198 4117 Dionys.
1220 4029 1327 4117 aaa*

204 4143 273 4188 man
309 4166 318 4184 .
403 4140 411 4181 c
1196 4170 1198 4174 .

232 4203 331 4286 Ἴναχε
351 4205 509 4287 γεννᾶτορ,
536 4207 597 4263 παΐ
613 4203 733 4286 κρηνῶν

238 4286 368 4377 Πατρός
384 4285 551 4365 Ὠκεανοῦ,
572 4285 652 4370 μίγα
673 4278 848 4373 πρεσβεύων
