2760 4792
323 235 382 304 DB
403 235 545 313 RELIQ.
567 235 754 305 ΟΟΜΟΕΙ).
774 233 877 306 Aur.
897 237 1041 315 anulo.
1199 240 1264 311 3λὸ

101 406 264 473 verisimile
277 407 405 472 arbitror
415 407 502 489 hana,
524 427 609 491 quam
620 392 791 495 Hyperides
812 409 931 490 amant,
948 406 1070 473 eandem
1091 429 1169 492 esse,
1190 432 1264 495 quae

101 492 264 579 Leogorae
297 493 388 557 luerit
417 493 448 555 in
478 490 609 573 lelioiis,
651 492 709 556 etsi
740 491 817 554 hauc
843 498 979 577 tanquam
1010 493 1137 558 vetulam
1176 517 1265 561 anum

100 576 256 643 'l'imooles
275 577 306 640 in
328 575 562 641 Orestautoolide
581 575 679 662 tangit
699 575 776 663 apud
798 575 907 640 Athen.
927 576 1013 642 XIII.
1033 599 1063 666 p.
1082 578 1146 643 sot
1167 579 1211 643 E:

505 662 585 744 Περὶ
608 661 641 725 δὲ
661 658 714 724 τόν
735 656 908 723 πανάθλιον

145 814 149 820 ,
186 741 321 809 Εύιλουσι
347 751 450 830 γρᾶες,
472 741 622 822 Νάννιον,
644 743 814 828 Πλαγγών,
835 742 941 820 Λύκα,

185 827 362 907 Γνάθαινα,
387 827 510 912 Φρύνη,
531 831 728 912 Πυθιονίκη,
756 831 954 914 Μυρρίνη,

186 917 307 999 Χρυσίς
315 961 328 1001 ,Ι
345 917 514 992 Κοναλλίς,
531 911 705 996 Ἱερόκλεια,
726 911 903 982 Λοπάδιον.

101 998 175 1064 Alia
195 1008 241 1064 est
260 999 437 1086 Myrrhina,
467 1021 552 1084 quam
573 1000 743 1064 Demetrius
771 999 884 1064 urbium
912 1021 950 1065 ex
972 1006 1098 1086 ugnator
1118 1001 1168 1086 qui
1194 999 1267 1067 ‹lici-

100 1090 165 1166 tur,
192 1086 316 1167 amavit,
345 1085 402 1149 vid.
423 1083 595 1149 Athenaeus
616 1083 701 1148 XIII.
720 1106 749 1172 p.
770 1086 835 1149 593
854 1082 895 1148 A.
937 1019 1072 1149 lihndem
1093 1083 1266 1173 Leogorum

100 1168 225 1259 Eupolis
250 1170 283 1233 in
308 1169 409 1233 eadem
436 1169 531 1233 altera
556 1169 659 1233 sabula
683 1170 771 1233 etiam
799 1174 934 1254 tanquam
960 1168 1116 1235 helnonem
1136 1173 1265 1235 notavit:

100 1275 170 1319 nam
193 1254 246 1319 ille
270 1275 392 1332 versus,
424 1256 474 1338 qui
498 1254 610 1341 legitur
636 1255 712 1341 apud
734 1253 892 1318 Sohohast.
912 1252 1122 1343 Aristophanis
1143 1254 1215 1320 Pae.
1235 1278 1266 1322 v.

102 1337 202 1405 1164:
247 1343 343 1402 ‹otro-
373 1339 495 1423 σπέρμα
517 1341 567 1403 καί
590 1343 718 1424 φιτῦσαι
738 1344 879 1423 γεννῆσαι
899 1341 952 1402 καλ
976 1338 1108 1424 γέννημα
1130 1340 1264 1425 φίτυμα·

101 1420 237 1499 Εύπολις
256 1422 444 1511 Αὐτολύκῳ·
744 1468 747 1477 .

181 1507 274 1594 Ἀτάρ
295 1508 402 1593 ἤγαγες
424 1503 528 1571 καινόν
546 1530 578 1590 γε
600 1515 674 1591 φῖτυ
694 1512 755 1571 τῶν
780 1507 912 1591 βοῶν’)

101 1601 133 1660 et
153 1593 190 1658 al
210 1593 382 1679 Leugorom
403 1600 432 1655 et
453 1592 490 1655 ad
512 1591 635 1655 alteram
654 1592 741 1655 huius
770 1592 889 1656 fabulae
909 1590 1113 1657 recensionem
1133 1592 1268 1658 referen-

102 1674 157 1744 dus
183 1699 251 1742 esse
277 1677 407 1741 videtur:
441 1675 547 1739 dicitur
576 1681 671 1739 autem
691 1675 850 1758 Leogoras
872 1697 980 1739 novum
1000 1677 1143 1761 quoddam
1192 1698 1267 1741 enus

101 1763 189 1828 houm
210 1760 345 1825 Athenas
367 1758 541 1838 adduxisse,
568 1757 685 1839 (eodem
705 1778 826 1846 prorsus
847 1759 932 1824 modo
953 1759 1027 1823 Anti
1047 1761 1141 1825 hanes
1162 1698 1199 1826 «li
1221 1783 1268 1846 eo,

101 1848 152 1932 qui
166 1846 278 1933 primus
291 1864 422 1933 pavones
435 1844 468 1906 iu
481 1842 609 1907 Atticam
622 1841 781 1923 traustuht,
799 1863 817 1905 a
836 1842 875 1906 ud
886 1840 998 1916 Athen.
1010 1781 1095 1915 Illv.
1106 1867 1136 1934 p.
1148 1844 1213 1911 654
1222 1844 1268 1910 Et

190 1934 263 1994 Τῶν
282 1933 366 1992 ταῶν
385 1927 442 2009 μίν
462 1924 503 2001 ὡς
524 1925 607 2003 ἅπαξ
628 1951 673 2002 τις
694 1928 795 2010 ζεύγος
815 1863 926 2019 λ’γαγεν
945 1922 1041 2009 μόνον
1069 1962 1093 2013 η

187 2009 323 2076 Σπάνιον
344 2011 379 2077 ’όν
398 2012 434 2077 τό
453 2016 583 2096 χρῆμα.)

101 2098 179 2185 quod
206 2118 387 2185 nequaquam
412 2098 552 2162 abhorret
577 2097 614 2160 ah
635 2095 722 2161 huius
748 2096 807 2160 riri
827 2096 974 2178 moribus,
1004 2117 1089 2183 qoem
1108 2095 1270 2184 phasianos

102 2205 174 2250 aves
196 2185 310 2247 nutrire
331 2183 431 2292 arguit
450 2181 668 2270 Aristophanes
688 2182 722 2245 in
740 2178 876 2246 Nubibus
897 2202 926 2247 u.
949 2183 1027 2249 1oo:

191 2270 257 2333 oon
279 2263 318 2332 άν
336 2292 383 2350 μα
402 2267 457 2331 τόν
471 2262 633 2343 Διόνυσον,
656 2268 682 2330 εἰ
702 2267 788 2348 δοίης
808 2264 844 2349 y!
861 2290 916 2348 μοι

188 2352 274 2428 Τοὺς
295 2347 480 2438 φασιανούς,
508 2349 563 2427 ούς
583 2349 687 2436 τρέφει
707 2347 889 2434 Λεωγόρας.

102 2434 188 2504 Aves
214 2439 292 2502 enim
319 2436 432 2525 potius,
463 2436 637 2534 quamequi
662 2435 849 2583 iutelliqendi
877 2433 1031 2515 ridentur,
1065 2433 1140 2519 quod
1168 2438 1270 2499 censet

104 2523 192 2588 etiam
218 2522 403 2599 Fritzschius
431 2520 506 2608 apud
536 2519 714 2586 Sohrllerum
743 2541 761 2583 a
808 2518 930 2586 Sluiteri
956 2518 1024 2582 lect.
1052 2540 1082 2607 p.
1105 2518 1166 2583 187
1188 2539 1270 2604 seqq.

102 2608 275 2694 Leugoram
303 2613 399 2671 autem
424 2606 561 2693 gulosum
586 2603 681 2669 luisse
708 2603 854 2669 hominem
881 2602 954 2667 setis
976 2624 1010 2666 su
1031 2624 1121 2687 arque
1142 2624 1177 2666 ar
1219 2609 1272 2666 unt

103 2690 239 2757 Platonis
271 2691 373 2756 corsici
403 2710 509 2755 versus
540 2691 573 2754 in
600 2689 693 2754 Peria
726 2710 743 2753 e
774 2687 850 2777 apud
876 2687 976 2753 Schol.
1029 2687 1152 2776 ristoph.
1172 2623 1272 2752 ἕλοι.

102 2797 134 2843 v.
154 2778 235 2859 109,
264 2775 314 2862 qui
334 2776 378 2841 sic
397 2775 535 2840 uidentur
555 2687 726 2861 corrigenffi
746 2795 829 2838 esse:

179 2851 223 2925 Ὦ
243 2865 308 2925 θεῖε
328 2857 474 2944 Μόρυχε,
496 2863 568 2923 νούν
588 2856 647 2945 γάρ
668 2856 821 2939 εὐδαίμων
841 2854 927 2942 ίφυς,

186 2947 252 3010 Καὶ
273 2945 449 3027 Ιλαυνιίτης
468 2941 487 3027 ἡ
508 2948 630 3026 ψῆττα,
652 2944 703 3006 καί
723 2938 903 3027 Λεωγόρας,

192 3030 237 3095 Ol*
253 3031 320 3111 ζῆτε
340 3034 492 3113 τερπνῶς,
515 3028 604 3093 οὐδὲν
623 3023 858 3109 ἐνθυμούμενοι.

103 3115 219 3265 Scripsi
239 3120 311 3179 νοῦν
330 3111 404 3199 γάρ,
427 3136 492 3179 cum
512 3114 604 3202 vulgo
625 3118 680 3176 νῦν
698 3111 756 3197 γὰρ
777 3111 942 3198 legeretur:
970 3109 1063 3173 voluit
1083 3107 1161 3173 enlm
1177 3106 1271 3171 ‘eomi-

102 3222 156 3265 nus
199 3200 304 3265 ominis
325 3199 471 3264 inscitiam
494 3205 580 3283 atque
601 3197 754 3262 stultitiam
774 3204 890 3277 notare,
910 3195 1007 3278 ltaque
1027 3193 1109 3257 illum
1125 3198 1272 3255 αἱυίιιιιιιι

103 3285 180 3350 (lixit
199 3285 411 3368 Morpchom,
432 3284 594 3372 respiciens
621 3288 722 3346 notum
747 3280 820 3346 illud
846 3278 1064 3368 proverbiumz·
1081 3272 1273 3361 Μωρότερος

102 3366 276 3454 Μορύχου,
303 3369 408 3434 deinde
430 3390 546 3432 causam
574 3366 740 3433 subiunxit:
782 3365 858 3430 lelix
879 3365 957 3428 enim
982 3369 1102 3452 propter
1127 3362 1271 3426 rationem

102 3463 286 3539 mentemque
315 3453 529 3541 praedicandus
557 3474 605 3534 os,
648 3473 722 3539 ergo
756 3450 854 3515 divum
880 3454 910 3513 te
937 3446 1068 3535 appello,
1110 3447 1153 3511 uti
1184 3447 1272 3509 istum

102 3538 291 3627 Moryohum.
332 3538 382 3602 De
408 3539 466 3602 isto
496 3537 652 3627 proverbio
682 3536 721 3602 ol.
741 3535 868 3600 Photius
897 3555 927 3622 p.
947 3530 1029 3616 284,
1052 3534 1108 3598 10:
1151 3524 1272 3614 Μυρό-

172 3773 201 3842 ·)
217 3777 259 3828 lte
275 3773 394 3843 oonigo,
409 3772 506 3838 legitur
521 3774 616 3840 vulgo:
634 3765 720 3843 αὐτὰρ
736 3761 839 3840 ἤγαγες
854 3759 952 3822 καινόν
968 3770 1076 3839 φίτυμα
1093 3766 1177 3835 βοῶν.
1192 3771 1273 3836 atque

102 3843 143 3896 lta
167 3842 247 3922 etiam
271 3843 372 3921 suidas·
390 3859 412 3896 s.
430 3859 455 3894 r.
483 3843 609 3938 φιτῦσαι,
643 3841 696 3894 nisi
718 3840 788 3904 quod
810 3833 893 3890 κενὸν
914 3845 1051 3906 praeterea
1072 3833 1197 3918 exhibetq
1225 3835 1273 3916 spol
1340 3865 1343 3869 -

104 3910 252 3992 §oholrasto
268 3911 388 3993 Platomq
404 3928 430 3978 p.
448 3909 515 3989 llo,
531 3908 643 3990 Photmo
662 3927 689 3978 p.
706 3906 770 3992 pho,
788 3907 822 3960 13
838 3912 866 3959 ot
882 3906 997 3984 Etpmol.
1013 3904 1052 3958 M.
1069 3923 1096 3973 p.
1113 3902 1177 3985 pos:
1192 3905 1271 3968 Λιαρ

103 3981 600 4112 tulletum?Alth
617 3971 1090 4109 slutllhhtAhltlfflm
1111 3988 1141 4024 ¹¹²
1158 3972 1227 4024 ΡΜ
1244 3986 1270 4023 '⁰

195 4105 273 4195 ‘olla'
296 4110 362 4230 άλρο
380 4064 446 4192 φίλα
464 4112 568 4182 πρῷον.
615 4146 618 4153 ·
930 4175 936 4188 Ι
1102 4174 1110 4188 ·

104 4180 143 4234 lta
159 4197 230 4233 emm
248 4198 323 4232 emen
342 4198 373 4247 0,
390 4186 473 4233 erecto
491 4181 618 4234 vocabulo
636 4179 760 4249 σπέρμα,
784 4175 855 4245 quod
872 4180 913 4228 est
928 4180 1135 4245 interpretantis.
1168 4176 1199 4226 ln
1215 4174 1274 4226 Ilu-

104 4249 210 4370 pqppppa
210 4264 295 4370 1pprsu
316 4248 401 4302 adieci
423 4255 454 4301 ut
469 4265 574 4302 versum
596 4247 802 4314 redintegratam
823 4242 978 4315 perticulam
994 4245 1042 4314 γι,
1067 4241 1129 4297 huie
1149 4244 1208 4296 looo
1224 4256 1273 4311 ap-
