2760 4792
148 230 191 296 78
540 224 945 297 COMMENTATIONES

148 395 237 464 Adde
258 345 457 485 Elymaioi.
478 414 507 483 p.
528 394 603 477 313,
625 394 660 459 1:
699 389 739 460 ‘0
759 392 793 459 δέ
813 396 978 481 Σοφοκλῆς
998 390 1053 478 mlv
1074 404 1213 503 σφαῖραν
1232 395 1322 505 {rtet

148 482 292 564 κέκληκεν
312 516 356 531 -
376 482 427 543 καλ
448 477 483 543 τὸ
505 484 583 564 πῦρ,
607 473 686 543 οἷον·
707 477 822 564 Ἔγχος
836 479 966 561 ἱέμενον·
987 479 1023 544 τὸ
1043 481 1099 562 τὴν
1120 481 1219 566 ορμὴν
1238 485 1319 565 ε’χον.

149 566 234 631 Duas
257 573 354 631 autem
375 565 457 629 foces
479 563 553 629 deae
574 564 713 629 tribuisse
733 566 889 648 videntur,
910 565 1044 630 utillum
1065 567 1185 632 ooelesh'
1207 568 1321 633 lumino

146 659 261 716 terram
281 649 455 715 collustrare
475 649 691 737 significarent
731 648 834 715 Minus
862 671 933 715 vero
960 658 1040 714 reete
1067 651 1112 715 illi
1134 653 1320 741 grammatici

147 738 204 801 hoo
226 735 266 799 all
285 735 384 799 lunam
405 733 522 799 reterre
542 734 715 816 voluerunt,
736 735 768 798 in
790 755 923 799 errorem
942 735 1053 801 inducti
1074 757 1126 818 eo,
1149 737 1224 822 quod
1236 736 1320 803 Ben-

146 821 201 885 clin
222 841 285 884 cum
308 819 410 883 Diana
431 818 612 885 Graecorum
634 841 808 907 componere
829 819 980 901 solebant,
1007 820 1067 883 nisi
1087 822 1166 886 forte
1186 822 1232 887 illi
1254 822 1320 887 lle·

147 912 234 969 cuten
264 905 362 992 magis
383 904 612 986 intellexerunt,
647 924 733 990 quam
760 905 892 969 sortitam
920 927 989 969 esse
1015 904 1114 970 lunum
1179 904 1320 995 rvulguto

148 996 215 1054 erat
234 989 351 1078 opinio,
384 990 483 1074 itaque
503 988 682 1053 Plutarchus
704 988 741 1053 de
762 988 869 1055 defert
912 989 999 1054 Orac.
1022 1012 1047 1055 ο.
1070 991 1120 1055 13.
1154 1012 1242 1055 unam
1263 992 1319 1055 mi·

148 1083 232 1140 xtum
253 1081 502 1164 temperatamque
524 1095 564 1137 ex
583 1072 707 1137 coelesti
727 1080 758 1138 et
778 1073 878 1139 divina
899 1083 1005 1139 nature
1017 1075 1100 1140 dicit:
1144 1075 1270 1140 Μικτδν
1282 1074 1319 1141 δέ

148 1165 241 1241 σῶμα
262 1161 312 1223 καλ
334 1160 461 1241 μίμημα
483 1154 636 1239 δαιμόνων
657 1155 758 1234 ι’ίντιος
772 1158 829 1241 τὴν
841 1158 979 1241 σελήνην,
1000 1164 1045 1246 τῷ
1066 1164 1104 1246 τῇ
1125 1157 1238 1225 τούτου
1258 1164 1316 1227 τοῦ

147 1243 253 1328 γένους
273 1241 416 1333 σανφίδειν
436 1248 605 1348 περιφορᾷ,
638 1244 762 1328 φθίσεις
790 1242 978 1329 φαινομένας
999 1245 1164 1328 δεχομένην
1183 1248 1235 1309 καλ
1256 1244 1319 1311 αύ-

148 1326 248 1411 ξήσεις
267 1330 319 1392 καλ
339 1324 529 1409 μεταβολάς,
553 1331 696 1413 ορῶντες,
721 1328 750 1415 oi
770 1329 827 1409 μέν
847 1326 961 1413 ι’ίστρον
981 1331 1104 1411 γεῶδες,
1127 1330 1157 1395 oi
1171 1329 1203 1394 δ’
1219 1329 1317 1413 ὀλομ-

148 1415 223 1477 πίαν
242 1419 313 1498 γῆν,
337 1412 366 1477 oi
388 1413 421 1476 δὲ
440 1412 571 1493 χθονίας
593 1407 671 1492 ὃμοῦ
693 1415 743 1475 rol
767 1412 911 1497 οὐρανίας
932 1417 1045 1496 κλῆρον
1060 1409 1198 1498 Ἓκοίτης
1218 1438 1317 1499 προσ-

146 1507 241 1563 εῖπον.
283 1496 346 1563 Seu
368 1497 405 1563 de
425 1496 569 1562 Bendidis
591 1496 748 1596 religionis
769 1499 884 1562 ratione
904 1504 934 1562 et
954 1511 1060 1562 natura
1072 1500 1225 1583 quominus
1247 1501 1318 1567 sub·

146 1583 229 1648 tilius
250 1603 443 1669 quaeramus,
477 1581 523 1647 rei
543 1583 706 1647 obscuritas
733 1583 884 1671 prohibet:
918 1604 987 1647 nam
1008 1604 1074 1647 cnm
1094 1583 1210 1649 idoneis
1232 1585 1318 1651 terti·

147 1668 254 1733 moniis
275 1668 372 1733 ferme
384 1666 515 1731 destituti
525 1667 629 1749 simus,
649 1667 811 1749 verendum
832 1674 888 1748 cst,
909 1689 948 1731 ne
969 1667 1002 1731 in
1023 1668 1113 1733 ultum
1134 1671 1317 1737 coniectura-

145 1774 211 1818 rum
239 1772 322 1817 more
349 1752 532 1817 auferamur:
574 1750 649 1815 haec
676 1752 754 1817 enim
783 1750 899 1817 Cratini
927 1752 1028 1817 sabulo
1053 1774 1146 1841 pauca
1172 1754 1317 1838 quaedum

146 1838 340 1940 squeditaq·
363 1835 623 1986 ηρλίλιαειΤλαοοία
650 1835 703 1900 illa
724 1837 832 1987 reliqgio
852 1837 1034 1986 ilqustretur,
1067 1838 1205 1937 pauciora
1227 1839 1316 1938 etism

144 1923 384 2075 lvlerrrqsgqqrquarqqsse
407 1944 552 2070 {qnoromqurcqj
568 1940 774 2069 qqqqrhiqqqnoe
795 1944 854 1987 ram
897 1944 942 1987 ιιιι
963 1944 1020 2012 qrsr
1041 1932 1243 2012 supershtronr
1264 1924 1315 1991 asl-

228 2091 376 2157 Bentlidis
397 2112 484 2154 sacra
503 2091 539 2153 ab
560 2087 795 2153 Atheniensibus
816 2096 934 2176 recepta
945 2110 1111 2177 magnoque
1126 2092 1224 2157 studio
1236 2092 1315 2159 cultu

145 2201 214 2244 esse
245 2176 368 2241 disertis
394 2191 526 2239 veterum
554 2174 729 2260 scriptorum
757 2174 933 2239 testimoniis
953 2177 1111 2263 probatur,
1141 2177 1184 2241 ita
1205 2175 1314 2243 Strabo

143 2263 183 2328 X.
204 2284 233 2351 p.
254 2262 321 2328 362
348 2258 394 2322 etl.
422 2258 561 2324 Teucbn.
610 2252 742 2332 Τούτοις
763 2259 774 2328 ί
786 2264 835 2343 Φρ
875 2261 1005 2343 ιακοῖς)-
1023 2259 1053 2323 δ’
1082 2258 1161 2325 έοιιιε
1192 2263 1244 2325 καλ
1272 2260 1313 2327 rrl

145 2346 229 2432 παρὰ
250 2354 318 2418 τοῖς
341 2344 440 2453 Θρηξὶ
461 2338 500 2407 τά
530 2365 563 2406 τε
585 2338 726 2407 Κοτύτια
752 2345 801 2405 καλ
829 2282 1068 2407 illucentem·
1092 2345 1170 2431 παρ’
1194 2341 1241 2422 οἷς
1260 2348 1314 2411 sul

144 2433 183 2498 sol
206 2427 343 2517 Ὀρφιιιδ
371 2453 427 2510 την
457 2427 613 2511 καταρχὴν
644 2425 722 2508 έσχε.
769 2427 868 2513 Atque
894 2429 973 2495 idem
1000 2430 1084 2495 docet
1110 2431 1313 2497 Athenienses

145 2524 267 2609 propter
292 2516 372 2580 liano
402 2513 551 2580 levitatem
572 2513 611 2593 ssin
638 2512 816 2601 recipiendis
838 2513 945 2578 alienis
965 2514 1162 2602 religionibus
1183 2536 1314 2583 ceremo-

144 2604 261 2689 niisque
283 2623 301 2666 a
323 2599 442 2664 comicis
462 2598 558 2687 poetis
579 2606 702 2661 vexatos
724 2620 792 2663 esse
813 2620 842 2687 p.
863 2599 940 2665 364:
979 2598 1141 2682 Ἀθηναῖοι
1158 2600 1189 2664 δ’
1208 2600 1312 2685 ὥσπερ

145 2691 221 2835 περὶλ
230 2685 272 2797 ηδ
289 2682 612 2794 ἣἑλλλαφιλοξενοΰντιες
624 2684 827 2843 διατελοῦφφξνι,
850 2681 1001 2792 ούτιουκαλ
1025 2684 1186 2836 περλέτοδς
1206 2682 1312 2834 ιζερύς·

54 2868 59 2879 ·
143 2797 243 2925 ἔλα
256 2778 658 2941 ίδίίλδῗλωόέξιλῒί
676 2793 793 2917 ἕδεα
811 2793 1065 2937 “δ.λ’,.ίῖ“ἱ.ῗί
1074 2794 1211 2941 aiibi
1228 2776 1313 2935 bil

143 2944 262 3010 διδείιον
286 2941 425 3004 Πλαταιν
450 2938 615 3020 μέμνηται,
654 2943 716 3002 τῶν
743 2938 777 3001 δέ
801 2941 943 3024 Φρυγίων
962 2940 1182 3023 Λημοσθένης.
1228 2938 1313 3007 Ben-

143 3030 219 3095 didis
241 3034 340 3092 autem
360 3024 470 3113 religio
490 3044 547 3109 quo
567 3030 698 3111 ternpore
718 3022 848 3087 Athenis
869 3032 987 3113 recepta
1002 3025 1052 3106 sit,
1074 3047 1229 3114 possumus
1240 3046 1312 3115 pro-

141 3115 233 3180 babili
256 3120 287 3177 ut
309 3111 414 3214 opinor
433 3109 602 3174 coniectura
622 3109 754 3193 assequi:
776 3130 844 3173 nam
865 3131 930 3173 cum
951 3111 1054 3174 comici
1074 3117 1178 3199 poetae
1199 3132 1237 3177 ea
1256 3130 1312 3199 qro-

141 3201 286 3265 tissimum
309 3197 383 3261 vrtiu
402 3195 558 3283 exagitare
579 3193 802 3274 consueverint,
825 3214 899 3278 quau
919 3195 1032 3259 recenti
1053 3203 1138 3260 erant
1157 3196 1312 3279 memoris,

161 3307 217 3350 nae
236 3305 299 3348 non
320 3285 362 3348 ita
383 3281 472 3347 multo
494 3285 563 3345 ante
604 3277 766 3367 opulerinm
787 3279 901 3343 animos
928 3278 1036 3367 illapsa
1061 3281 1219 3363 virebant,
1252 3280 1310 3345 bos

142 3307 215 3436 leae
242 3368 396 3434 Thraciae
427 3366 501 3430 ritus
533 3299 619 3429 molo
648 3363 756 3428 ascitos
789 3384 857 3428 esse
888 3363 925 3427 ab
951 3332 1204 3447 Athenierisibus,
1243 3386 1310 3429 cnm
1360 3428 1370 3445 J

142 3456 298 3520 Thressas
319 3452 460 3519 Cratinus
482 3451 616 3530 doceret,
648 3448 715 3513 reri
740 3448 919 3513 simillimum
940 3456 995 3513 est
1038 3448 1124 3515 llaec
1144 3458 1242 3515 ααλειο
1262 3450 1311 3515 lo-

141 3541 211 3606 bula
231 3538 348 3624 quando
370 3538 410 3602 sit
429 3536 513 3618 duta,
560 3540 637 3599 otest
656 3533 762 3598 coniici
783 3533 909 3598 existis
930 3534 1083 3616 versibus,
1111 3555 1184 3620 quos
1205 3554 1311 3599 serva·

141 3626 184 3690 vit
203 3623 382 3688 Plutarchus
402 3621 434 3686 in
455 3621 517 3685 vita
537 3555 647 3684 l'ericl.
670 3640 694 3683 c.
717 3619 769 3684 13.
789 3618 822 3683 in
843 3619 948 3704 quibus
971 3625 1059 3707 poeta
1077 3618 1226 3685 Periclem
1248 3628 1310 3685 ter·

142 3706 466 3795 serarumsuffrogium
480 3702 722 3794 effugissedicit:
752 3702 799 3767 Τὸ
821 3702 853 3766 δ’
873 3701 1113 3791 Ὠδεῖοντῇμέν
1132 3703 1217 3780 έντδς
1237 3705 1310 3768 δια-

141 3794 226 3860 θέσει
248 3788 418 3874 πολύεδρον
437 3792 488 3855 καλ
510 3785 715 3867 πολύπυλον,
751 3793 791 3872 τῇ
812 3787 915 3873 ἐρέψει
936 3788 1101 3874 περικλινὲς
1120 3791 1172 3853 καλ
1194 3785 1310 3853 κάταν-

140 3905 190 3957 τες
210 3880 244 3943 ἐκ
264 3882 339 3959 μιᾶς
359 3876 477 3962 ὀροφῆς
498 3872 719 3957 πεποιημένον,
753 3872 852 3937 εἰκόνα
879 3872 997 3958 λέγουσι
1018 3873 1161 3959 γενέσθαι
1182 3875 1235 3938 καί
1254 3874 1322 3955 sc!-¹

140 3960 902 4132 tl‘hlhit‘tl'htlh’similer
917 3956 1309 4128 qngquuomwc

221 4130 260 4197 ‘O
280 4131 403 4217 σχινοιιί
427 4137 501 4208 αλος
521 4129 599 4206 Ζεδς
621 4123 668 4193 itt
690 4126 888 4215 προσέρχεται

220 4214 260 4283 ‘O
279 4156 468 4303 sseorxllqc,
489 4213 616 4326 αρ’δεῒον
635 4214 685 4278 tut
705 4218 763 4279 τοῦ
783 4214 908 4299 κρανίον

220 4302 335 4389 ’Ἐχωη
357 4300 460 4386 ἐπειδὴ
481 4323 670 4387 τοοστρααον
690 4300 878 4385 παροίχεται.
