<?xml version="1.0" encoding="UTF-8"?>
<!DOCTYPE html PUBLIC "-//W3C//DTD XHTML 1.0 Transitional//EN"
    "http://www.w3.org/TR/xhtml1/DTD/xhtml1-transitional.dtd">
<html xmlns="http://www.w3.org/1999/xhtml" xml:lang="en" lang="en">
 <head>
  <title>
</title>
<meta http-equiv="Content-Type" content="text/html;charset=utf-8" />
  <meta name='ocr-system' content='tesseract 3.04.00' />
  <meta name='ocr-capabilities' content='ocr_page ocr_carea ocr_par ocr_line ocrx_word'/>
</head>
<body>
  <div class='ocr_page' id='page_1' title='image "./commentationumd00berggoog_0273.png"; bbox 0 0 2760 4792; ppageno 0'>
   <div class='ocr_carea' id='block_1_1' title="bbox 338 205 1274 289">
    <p class='ocr_par' dir='ltr' id='par_1_1' title="bbox 338 205 1274 289">
     <span class='ocr_line' id='line_1_1' title="bbox 338 205 1274 289; baseline 0.013 -19"><span class='ocrx_word' id='word_1_1' title='bbox 338 205 396 270; x_wconf 88' lang='lat' dir='ltr'><strong>DE</strong></span> <span class='ocrx_word' id='word_1_2' title='bbox 418 205 559 283; x_wconf 72' lang='lat' dir='ltr'><strong>numu.</strong></span> <span class='ocrx_word' id='word_1_3' title='bbox 575 207 765 276; x_wconf 74' lang='lat' dir='ltr'><strong>domuum.</strong></span> <span class='ocrx_word' id='word_1_4' title='bbox 788 208 892 276; x_wconf 76' lang='lat' dir='ltr'><strong>Aur.</strong></span> <span class='ocrx_word' id='word_1_5' title='bbox 913 213 1057 289; x_wconf 75' lang='lat' dir='ltr'><strong>Adule.</strong></span> <span class='ocrx_word' id='word_1_6' title='bbox 1101 233 1107 247; x_wconf 90' lang='lat'><strong>·</strong></span> <span class='ocrx_word' id='word_1_7' title='bbox 1210 218 1274 282; x_wconf 75' lang='lat'><strong>229</strong></span> 
     </span>
    </p>
   </div>
   <div class='ocr_carea' id='block_1_2' title="bbox 98 372 1365 4343">
    <p class='ocr_par' dir='ltr' id='par_1_2' title="bbox 112 372 1271 549">
     <span class='ocr_line' id='line_1_2' title="bbox 112 372 1271 475; baseline 0.009 -38"><span class='ocrx_word' id='word_1_8' title='bbox 112 372 153 438; x_wconf 86' lang='lat' dir='ltr'><strong>Et</strong></span> <span class='ocrx_word' id='word_1_9' title='bbox 174 373 301 437; x_wconf 81' lang='lat' dir='ltr'><strong>fortasse</strong></span> <span class='ocrx_word' id='word_1_10' title='bbox 314 373 358 438; x_wconf 85' lang='lat' dir='ltr'><strong>ad</strong></span> <span class='ocrx_word' id='word_1_11' title='bbox 374 373 496 438; x_wconf 84' lang='lat' dir='ltr'><strong>eundern</strong></span> <span class='ocrx_word' id='word_1_12' title='bbox 519 375 738 439; x_wconf 69' lang='lat' dir='ltr'><strong>contemtionem</strong></span> <span class='ocrx_word' id='word_1_13' title='bbox 761 384 790 439; x_wconf 90' lang='lat' dir='ltr'><strong>et</strong></span> <span class='ocrx_word' id='word_1_14' title='bbox 802 376 1037 475; x_wconf 75' lang='lat' dir='ltr'>depravationem</span> <span class='ocrx_word' id='word_1_15' title='bbox 1052 383 1124 446; x_wconf 90' lang='lat' dir='ltr'><strong>artis</strong></span> <span class='ocrx_word' id='word_1_16' title='bbox 1145 384 1271 448; x_wconf 78' lang='lat' dir='ltr'><strong>musicae</strong></span> 
     </span>
     <span class='ocr_line' id='line_1_3' title="bbox 112 457 1038 549; baseline 0.004 -27"><span class='ocrx_word' id='word_1_17' title='bbox 112 457 200 522; x_wconf 85' lang='lat' dir='ltr'><strong>etiam</strong></span> <span class='ocrx_word' id='word_1_18' title='bbox 220 457 273 521; x_wconf 90' lang='lat' dir='ltr'><strong>illa</strong></span> <span class='ocrx_word' id='word_1_19' title='bbox 293 463 362 520; x_wconf 91' lang='lat' dir='ltr'><strong>sunt</strong></span> <span class='ocrx_word' id='word_1_20' title='bbox 382 459 556 540; x_wconf 86' lang='lat' dir='ltr'><strong>referenda,</strong></span> <span class='ocrx_word' id='word_1_21' title='bbox 578 480 651 544; x_wconf 91' lang='lat' dir='ltr'><strong>quae</strong></span> <span class='ocrx_word' id='word_1_22' title='bbox 672 460 704 522; x_wconf 94' lang='lat' dir='ltr'><strong>in</strong></span> <span class='ocrx_word' id='word_1_23' title='bbox 724 459 864 547; x_wconf 85' lang='lat' dir='ltr'><strong>Pelargrs</strong></span> <span class='ocrx_word' id='word_1_24' title='bbox 886 462 1038 549; x_wconf 83' lang='lat' dir='ltr'><strong>leguntur:</strong></span> 
     </span>
    </p>

    <p class='ocr_par' dir='ltr' id='par_1_3' title="bbox 191 534 950 630">
     <span class='ocr_line' id='line_1_4' title="bbox 191 534 950 630; baseline 0.004 -24"><span class='ocrx_word' id='word_1_25' title='bbox 191 538 230 606; x_wconf 84' lang='lat' dir='ltr'><strong>‘O</strong></span> <span class='ocrx_word' id='word_1_26' title='bbox 248 542 305 623; x_wconf 82' lang='grc' dir='ltr'><strong>μέν</strong></span> <span class='ocrx_word' id='word_1_27' title='bbox 324 534 396 626; x_wconf 76' lang='grc' dir='ltr'><strong><em>ᾖδεν</em></strong></span> <span class='ocrx_word' id='word_1_28' title='bbox 411 539 564 624; x_wconf 78' lang='grc' dir='ltr'><em>Ἀδμήτου</em></span> <span class='ocrx_word' id='word_1_29' title='bbox 585 540 675 624; x_wconf 87' lang='grc' dir='ltr'><strong><em>λόγον</em></strong></span> <span class='ocrx_word' id='word_1_30' title='bbox 695 542 772 624; x_wconf 85' lang='grc' dir='ltr'><strong><em>πρὸς</em></strong></span> <span class='ocrx_word' id='word_1_31' title='bbox 790 546 950 630; x_wconf 80' lang='grc' dir='ltr'><strong><em>μυρρίνην,</em></strong></span> 
     </span>
    </p>

    <p class='ocr_par' dir='ltr' id='par_1_4' title="bbox 102 621 1355 2166">
     <span class='ocr_line' id='line_1_5' title="bbox 190 621 1269 709; baseline 0.004 -20"><span class='ocrx_word' id='word_1_32' title='bbox 190 621 229 689; x_wconf 83' lang='lat' dir='ltr'><strong>‘O</strong></span> <span class='ocrx_word' id='word_1_33' title='bbox 250 625 282 689; x_wconf 84' lang='lat' dir='ltr'><strong>d&#39;</strong></span> <span class='ocrx_word' id='word_1_34' title='bbox 307 625 400 689; x_wconf 80' lang='grc' dir='ltr'><strong><em>αὐτὸν</em></strong></span> <span class='ocrx_word' id='word_1_35' title='bbox 420 623 582 709; x_wconf 75' lang='grc' dir='ltr'><em>ἠνάγκαζεν</em></span> <span class='ocrx_word' id='word_1_36' title='bbox 598 623 762 708; x_wconf 75' lang='grc' dir='ltr'><strong>Ἁρμοδίου</strong></span> <span class='ocrx_word' id='word_1_37' title='bbox 782 630 883 706; x_wconf 89' lang='grc' dir='ltr'><strong><em>μέλος.</em></strong></span> <span class='ocrx_word' id='word_1_38' title='bbox 1264 678 1269 693; x_wconf 74' lang='grc'><strong><em>.</em></strong></span> 
     </span>
     <span class='ocr_line' id='line_1_6' title="bbox 111 709 1290 801; baseline 0.003 -25"><span class='ocrx_word' id='word_1_39' title='bbox 111 709 266 777; x_wconf 78' lang='lat' dir='ltr'><strong>Cratinum</strong></span> <span class='ocrx_word' id='word_1_40' title='bbox 292 719 387 792; x_wconf 89' lang='lat' dir='ltr'><strong>autem</strong></span> <span class='ocrx_word' id='word_1_41' title='bbox 415 710 448 774; x_wconf 93' lang='lat' dir='ltr'><strong>in</strong></span> <span class='ocrx_word' id='word_1_42' title='bbox 474 712 530 775; x_wconf 87' lang='lat' dir='ltr'><strong>hac</strong></span> <span class='ocrx_word' id='word_1_43' title='bbox 556 711 657 776; x_wconf 81' lang='lat' dir='ltr'><strong>fabula</strong></span> <span class='ocrx_word' id='word_1_44' title='bbox 687 712 759 776; x_wconf 94' lang='lat' dir='ltr'><strong>illud</strong></span> <span class='ocrx_word' id='word_1_45' title='bbox 782 714 898 801; x_wconf 89' lang='lat' dir='ltr'><strong>saepius</strong></span> <span class='ocrx_word' id='word_1_46' title='bbox 924 715 1135 796; x_wconf 89' lang='lat' dir='ltr'><strong>inculcavisse,</strong></span> <span class='ocrx_word' id='word_1_47' title='bbox 1161 723 1290 800; x_wconf 84' lang='lat' dir='ltr'><strong>quanta</strong></span> 
     </span>
     <span class='ocr_line' id='line_1_7' title="bbox 111 795 1268 883; baseline 0.008 -27"><span class='ocrx_word' id='word_1_48' title='bbox 111 796 156 860; x_wconf 83' lang='lat' dir='ltr'><strong>vis</strong></span> <span class='ocrx_word' id='word_1_49' title='bbox 183 796 255 858; x_wconf 92' lang='lat' dir='ltr'><strong>insit</strong></span> <span class='ocrx_word' id='word_1_50' title='bbox 287 795 318 858; x_wconf 95' lang='lat' dir='ltr'><strong>in</strong></span> <span class='ocrx_word' id='word_1_51' title='bbox 345 795 475 858; x_wconf 91' lang='lat' dir='ltr'><strong>numeris</strong></span> <span class='ocrx_word' id='word_1_52' title='bbox 506 803 536 859; x_wconf 90' lang='lat' dir='ltr'><strong>et</strong></span> <span class='ocrx_word' id='word_1_53' title='bbox 561 803 646 859; x_wconf 89' lang='lat' dir='ltr'><strong>cantu</strong></span> <span class='ocrx_word' id='word_1_54' title='bbox 675 797 711 860; x_wconf 93' lang='lat' dir='ltr'><strong>ad</strong></span> <span class='ocrx_word' id='word_1_55' title='bbox 739 797 851 861; x_wconf 89' lang='lat' dir='ltr'><strong>animos</strong></span> <span class='ocrx_word' id='word_1_56' title='bbox 878 808 996 863; x_wconf 86' lang='lat' dir='ltr'><strong>teneros</strong></span> <span class='ocrx_word' id='word_1_57' title='bbox 1027 800 1268 883; x_wconf 80' lang='lat' dir='ltr'><strong>conformandos,</strong></span> 
     </span>
     <span class='ocr_line' id='line_1_8' title="bbox 110 879 1269 970; baseline 0.004 -28"><span class='ocrx_word' id='word_1_58' title='bbox 110 887 233 968; x_wconf 88' lang='lat' dir='ltr'><strong>apparet</strong></span> <span class='ocrx_word' id='word_1_59' title='bbox 257 880 345 943; x_wconf 89' lang='lat' dir='ltr'><strong>etiarn</strong></span> <span class='ocrx_word' id='word_1_60' title='bbox 371 900 410 943; x_wconf 87' lang='lat' dir='ltr'><strong>ex</strong></span> <span class='ocrx_word' id='word_1_61' title='bbox 431 879 597 943; x_wconf 78' lang='lat' dir='ltr'><strong>Scholiasta</strong></span> <span class='ocrx_word' id='word_1_62' title='bbox 618 879 806 966; x_wconf 82' lang='lat' dir='ltr'><strong>Thucydidis</strong></span> <span class='ocrx_word' id='word_1_63' title='bbox 834 881 917 949; x_wconf 85' lang='lat' dir='ltr'><strong>VIII.</strong></span> <span class='ocrx_word' id='word_1_64' title='bbox 941 885 997 948; x_wconf 78' lang='lat'><strong>83:</strong></span> <span class='ocrx_word' id='word_1_65' title='bbox 1042 883 1088 946; x_wconf 89' lang='grc' dir='ltr'><strong>Τδ</strong></span> <span class='ocrx_word' id='word_1_66' title='bbox 1118 885 1269 970; x_wconf 77' lang='grc' dir='ltr'><strong><em>ἐπιφέρειν</em></strong></span> 
     </span>
     <span class='ocr_line' id='line_1_9' title="bbox 110 962 1267 1052; baseline 0.003 -25"><span class='ocrx_word' id='word_1_67' title='bbox 110 962 203 1047; x_wconf 81' lang='grc' dir='ltr'><strong><em>ὀργὴν</em></strong></span> <span class='ocrx_word' id='word_1_68' title='bbox 224 965 271 1027; x_wconf 77' lang='grc' dir='ltr'><strong><em>ἐπὶ</em></strong></span> <span class='ocrx_word' id='word_1_69' title='bbox 293 969 349 1028; x_wconf 79' lang='grc' dir='ltr'><strong>τοῦ</strong></span> <span class='ocrx_word' id='word_1_70' title='bbox 368 967 549 1048; x_wconf 86' lang='grc' dir='ltr'><strong><em>χαρίζεσθαι</em></strong></span> <span class='ocrx_word' id='word_1_71' title='bbox 571 966 620 1026; x_wconf 76' lang='grc' dir='ltr'><strong>καί</strong></span> <span class='ocrx_word' id='word_1_72' title='bbox 642 975 806 1047; x_wconf 77' lang='grc' dir='ltr'><strong><em>συγχωρεῖν</em></strong></span> <span class='ocrx_word' id='word_1_73' title='bbox 827 964 952 1030; x_wconf 73' lang='grc' dir='ltr'><strong><em>έταττον</em></strong></span> <span class='ocrx_word' id='word_1_74' title='bbox 974 967 1003 1030; x_wconf 79' lang='grc' dir='ltr'><strong><em>οἱ</em></strong></span> <span class='ocrx_word' id='word_1_75' title='bbox 1022 966 1161 1050; x_wconf 80' lang='grc' dir='ltr'><strong><em>ἀρχαῖοι·</em></strong></span> <span class='ocrx_word' id='word_1_76' title='bbox 1185 966 1267 1052; x_wconf 87' lang='grc' dir='ltr'><strong><em>μάρ-</em></strong></span> 
     </span>
     <span class='ocr_line' id='line_1_10' title="bbox 109 1048 1267 1136; baseline 0.007 -26"><span class='ocrx_word' id='word_1_77' title='bbox 109 1074 163 1124; x_wconf 86' lang='grc' dir='ltr'><strong>τυς</strong></span> <span class='ocrx_word' id='word_1_78' title='bbox 188 1051 343 1131; x_wconf 84' lang='grc' dir='ltr'><strong><em>Κρατῖνος</em></strong></span> <span class='ocrx_word' id='word_1_79' title='bbox 376 1051 409 1112; x_wconf 80' lang='grc' dir='ltr'><strong><em>έν</em></strong></span> <span class='ocrx_word' id='word_1_80' title='bbox 436 1049 572 1132; x_wconf 85' lang='grc' dir='ltr'><strong><em>Χείρωσι</em></strong></span> <span class='ocrx_word' id='word_1_81' title='bbox 601 1048 694 1131; x_wconf 86' lang='grc' dir='ltr'><strong><em>λέγων</em></strong></span> <span class='ocrx_word' id='word_1_82' title='bbox 723 1050 789 1131; x_wconf 81' lang='grc' dir='ltr'><strong><em>την</em></strong></span> <span class='ocrx_word' id='word_1_83' title='bbox 820 1051 1006 1133; x_wconf 78' lang='grc' dir='ltr'><strong><em>μουσικὴν</em></strong></span> <span class='ocrx_word' id='word_1_84' title='bbox 1037 1051 1267 1136; x_wconf 72' lang='grc' dir='ltr'><strong><em>ἀναρίστους</em></strong></span> 
     </span>
     <span class='ocr_line' id='line_1_11' title="bbox 109 1129 1268 1223; baseline 0.005 -27"><span class='ocrx_word' id='word_1_85' title='bbox 109 1133 305 1218; x_wconf 72' lang='grc' dir='ltr'><strong><em>ἐπιφέρειν</em></strong></span> <span class='ocrx_word' id='word_1_86' title='bbox 332 1132 444 1215; x_wconf 78' lang='grc' dir='ltr'><strong><em>ὀργὰς</em></strong></span> <span class='ocrx_word' id='word_1_87' title='bbox 474 1138 633 1217; x_wconf 79' lang='grc' dir='ltr'><strong><em>βροτοῖς</em></strong></span> <span class='ocrx_word' id='word_1_88' title='bbox 661 1129 864 1218; x_wconf 79' lang='grc' dir='ltr'><strong><em>σώφροσιν.</em></strong></span> <span class='ocrx_word' id='word_1_89' title='bbox 902 1134 1014 1219; x_wconf 83' lang='grc' dir='ltr'><strong><em>Ὀργὰς</em></strong></span> <span class='ocrx_word' id='word_1_90' title='bbox 1045 1136 1197 1223; x_wconf 72' lang='grc' dir='ltr'><strong><em>ἐπιφέρειν</em></strong></span> <span class='ocrx_word' id='word_1_91' title='bbox 1222 1145 1268 1202; x_wconf 82' lang='lat' dir='ltr'><strong>est</strong></span> 
     </span>
     <span class='ocr_line' id='line_1_12' title="bbox 108 1221 1267 1301; baseline 0.006 -21"><span class='ocrx_word' id='word_1_92' title='bbox 108 1222 258 1301; x_wconf 74' lang='grc' dir='ltr'><strong><em>οδττᾳαί,</em></strong></span> <span class='ocrx_word' id='word_1_93' title='bbox 282 1241 318 1283; x_wconf 82' lang='grc' dir='ltr'><strong>το</strong></span> <span class='ocrx_word' id='word_1_94' title='bbox 338 1224 581 1282; x_wconf 74' lang='lat' dir='ltr'><strong>accommodare</strong></span> <span class='ocrx_word' id='word_1_95' title='bbox 602 1223 650 1281; x_wconf 86' lang='lat' dir='ltr'><strong>ad</strong></span> <span class='ocrx_word' id='word_1_96' title='bbox 667 1225 812 1283; x_wconf 76' lang='lat' dir='ltr'><strong>ulterior</strong></span> <span class='ocrx_word' id='word_1_97' title='bbox 833 1226 1050 1296; x_wconf 72' lang='lat' dir='ltr'><strong>volontatem,</strong></span> <span class='ocrx_word' id='word_1_98' title='bbox 1073 1221 1143 1285; x_wconf 89' lang='lat' dir='ltr'><strong>hinc</strong></span> <span class='ocrx_word' id='word_1_99' title='bbox 1164 1221 1267 1287; x_wconf 86' lang='lat' dir='ltr'><strong>Hauo-</strong></span> 
     </span>
     <span class='ocr_line' id='line_1_13' title="bbox 107 1302 1267 1394; baseline 0.004 -30"><span class='ocrx_word' id='word_1_100' title='bbox 107 1304 173 1367; x_wconf 82' lang='lat' dir='ltr'><strong>vius</strong></span> <span class='ocrx_word' id='word_1_101' title='bbox 194 1324 222 1391; x_wconf 93' lang='lat' dir='ltr'><strong>p.</strong></span> <span class='ocrx_word' id='word_1_102' title='bbox 243 1303 285 1367; x_wconf 85' lang='grc'><strong>61</strong></span> <span class='ocrx_word' id='word_1_103' title='bbox 307 1302 369 1388; x_wconf 84' lang='lat' dir='ltr'><strong>legi</strong></span> <span class='ocrx_word' id='word_1_104' title='bbox 392 1302 482 1366; x_wconf 76' lang='lat' dir='ltr'><strong>voluIt</strong></span> <span class='ocrx_word' id='word_1_105' title='bbox 507 1308 549 1388; x_wconf 71' lang='grc' dir='ltr'><strong><em>τῇ</em></strong></span> <span class='ocrx_word' id='word_1_106' title='bbox 576 1312 745 1388; x_wconf 77' lang='grc' dir='ltr'><strong><em>μουσικῇ</em></strong></span> <span class='ocrx_word' id='word_1_107' title='bbox 773 1302 957 1386; x_wconf 85' lang='grc' dir='ltr'><strong><em>άκορέστους</em></strong></span> <span class='ocrx_word' id='word_1_108' title='bbox 984 1305 1046 1387; x_wconf 87' lang='lat' dir='ltr'><strong>(vel</strong></span> <span class='ocrx_word' id='word_1_109' title='bbox 1065 1307 1161 1394; x_wconf 84' lang='lat' dir='ltr'><strong>potius</strong></span> <span class='ocrx_word' id='word_1_110' title='bbox 1182 1305 1267 1370; x_wconf 80' lang='grc' dir='ltr'><strong><em>ἀκο-</em></strong></span> 
     </span>
     <span class='ocr_line' id='line_1_14' title="bbox 107 1385 1355 1474; baseline 0.001 -25"><span class='ocrx_word' id='word_1_111' title='bbox 107 1385 290 1470; x_wconf 84' lang='grc' dir='ltr'><strong><em>λάστους)</em></strong></span> <span class='ocrx_word' id='word_1_112' title='bbox 318 1387 469 1472; x_wconf 69' lang='grc' dir='ltr'><strong><em>ἐπιφέρειν</em></strong></span> <span class='ocrx_word' id='word_1_113' title='bbox 502 1385 595 1472; x_wconf 85' lang='grc' dir='ltr'><strong><em>ὀργὰς</em></strong></span> <span class='ocrx_word' id='word_1_114' title='bbox 621 1393 760 1468; x_wconf 80' lang='grc' dir='ltr'><strong><em>βροτοῖσι</em></strong></span> <span class='ocrx_word' id='word_1_115' title='bbox 793 1386 950 1474; x_wconf 85' lang='grc' dir='ltr'><strong><em>σώφροσιν</em></strong></span> <span class='ocrx_word' id='word_1_116' title='bbox 981 1397 1013 1454; x_wconf 90' lang='lat' dir='ltr'><strong>ut</strong></span> <span class='ocrx_word' id='word_1_117' title='bbox 1043 1392 1190 1454; x_wconf 87' lang='lat' dir='ltr'><strong>sententia</strong></span> <span class='ocrx_word' id='word_1_118' title='bbox 1225 1393 1265 1455; x_wconf 90' lang='lat' dir='ltr'><strong>sit</strong></span> <span class='ocrx_word' id='word_1_119' title='bbox 1351 1442 1355 1450; x_wconf 90' lang='lat'>.</span> 
     </span>
     <span class='ocr_line' id='line_1_15' title="bbox 105 1472 1301 1558; baseline 0.003 -23"><span class='ocrx_word' id='word_1_120' title='bbox 105 1472 195 1552; x_wconf 84' lang='lat' dir='ltr'><strong>haec,</strong></span> <span class='ocrx_word' id='word_1_121' title='bbox 222 1480 352 1535; x_wconf 73' lang='lat' dir='ltr'><strong>morico</strong></span> <span class='ocrx_word' id='word_1_122' title='bbox 380 1476 485 1553; x_wconf 76' lang='lat' dir='ltr'><strong>effici,</strong></span> <span class='ocrx_word' id='word_1_123' title='bbox 517 1488 557 1535; x_wconf 78' lang='grc' dir='ltr'><strong><em>ατ</em></strong></span> <span class='ocrx_word' id='word_1_124' title='bbox 581 1472 726 1535; x_wconf 74' lang='lat' dir='ltr'><strong>domines</strong></span> <span class='ocrx_word' id='word_1_125' title='bbox 759 1482 1016 1555; x_wconf 73' lang='lat' dir='ltr'><strong>intemperantes</strong></span> <span class='ocrx_word' id='word_1_126' title='bbox 1044 1479 1266 1558; x_wconf 75' lang='lat' dir='ltr'><strong>obsequantur</strong></span> <span class='ocrx_word' id='word_1_127' title='bbox 1299 1514 1301 1518; x_wconf 63' lang='lat'>=</span> 
     </span>
     <span class='ocr_line' id='line_1_16' title="bbox 102 1555 1266 1646; baseline 0.007 -29"><span class='ocrx_word' id='word_1_128' title='bbox 102 1557 289 1618; x_wconf 75' lang='grc' dir='ltr'><strong><em>Ιιουιῖιιὲδιιι</em></strong></span> <span class='ocrx_word' id='word_1_129' title='bbox 320 1565 521 1636; x_wconf 75' lang='lat' dir='ltr'><strong>temperatio.</strong></span> <span class='ocrx_word' id='word_1_130' title='bbox 564 1555 658 1619; x_wconf 87' lang='lat' dir='ltr'><strong>Recto</strong></span> <span class='ocrx_word' id='word_1_131' title='bbox 678 1557 866 1621; x_wconf 81' lang='lat' dir='ltr'><strong>sententiam</strong></span> <span class='ocrx_word' id='word_1_132' title='bbox 897 1561 1065 1646; x_wconf 78' lang='lat' dir='ltr'><strong>perspexit,</strong></span> <span class='ocrx_word' id='word_1_133' title='bbox 1107 1561 1160 1624; x_wconf 89' lang='lat' dir='ltr'><strong>sed</strong></span> <span class='ocrx_word' id='word_1_134' title='bbox 1190 1559 1266 1625; x_wconf 93' lang='lat' dir='ltr'><strong>nihil</strong></span> 
     </span>
     <span class='ocr_line' id='line_1_17' title="bbox 105 1637 1266 1729; baseline 0.005 -25"><span class='ocrx_word' id='word_1_135' title='bbox 105 1640 192 1705; x_wconf 83' lang='lat' dir='ltr'><strong>oredo</strong></span> <span class='ocrx_word' id='word_1_136' title='bbox 214 1641 381 1704; x_wconf 88' lang='lat' dir='ltr'><strong>mutandum</strong></span> <span class='ocrx_word' id='word_1_137' title='bbox 402 1661 483 1704; x_wconf 90' lang='lat' dir='ltr'><strong>esse:</strong></span> <span class='ocrx_word' id='word_1_138' title='bbox 506 1637 674 1702; x_wconf 81' lang='lat' dir='ltr'><strong>Scholiasta</strong></span> <span class='ocrx_word' id='word_1_139' title='bbox 694 1641 771 1704; x_wconf 89' lang='lat' dir='ltr'><strong>enim</strong></span> <span class='ocrx_word' id='word_1_140' title='bbox 795 1642 910 1704; x_wconf 88' lang='lat' dir='ltr'><strong>videtur</strong></span> <span class='ocrx_word' id='word_1_141' title='bbox 930 1643 1132 1729; x_wconf 82' lang='lat' dir='ltr'><strong>negligentius</strong></span> <span class='ocrx_word' id='word_1_142' title='bbox 1149 1642 1266 1710; x_wconf 82' lang='lat' dir='ltr'><strong>Cratini</strong></span> 
     </span>
     <span class='ocr_line' id='line_1_18' title="bbox 105 1723 1265 1808; baseline 0.006 -21"><span class='ocrx_word' id='word_1_143' title='bbox 105 1725 279 1801; x_wconf 64' lang='lat' dir='ltr'><strong>senmntiam</strong></span> <span class='ocrx_word' id='word_1_144' title='bbox 308 1724 496 1803; x_wconf 85' lang='lat' dir='ltr'><strong>exhibuisse,</strong></span> <span class='ocrx_word' id='word_1_145' title='bbox 523 1742 587 1785; x_wconf 88' lang='lat' dir='ltr'><strong>curu</strong></span> <span class='ocrx_word' id='word_1_146' title='bbox 614 1724 739 1785; x_wconf 88' lang='lat' dir='ltr'><strong>comicus</strong></span> <span class='ocrx_word' id='word_1_147' title='bbox 762 1723 903 1805; x_wconf 85' lang='lat' dir='ltr'><strong>dixisset,</strong></span> <span class='ocrx_word' id='word_1_148' title='bbox 928 1736 1086 1788; x_wconf 81' lang='grc' dir='ltr'><strong><em>ιπιιεῖοαιιι</em></strong></span> <span class='ocrx_word' id='word_1_149' title='bbox 1113 1745 1265 1808; x_wconf 80' lang='lat' dir='ltr'><strong>oportere</strong></span> 
     </span>
     <span class='ocr_line' id='line_1_19' title="bbox 106 1806 1266 1896; baseline 0.005 -26"><span class='ocrx_word' id='word_1_150' title='bbox 106 1812 240 1892; x_wconf 75' lang='grc' dir='ltr'><strong><em>οδεεφιιι·</em></strong></span> <span class='ocrx_word' id='word_1_151' title='bbox 261 1809 445 1870; x_wconf 74' lang='grc' dir='ltr'><strong><em>ίιοπιῖπὲδιιε</em></strong></span> <span class='ocrx_word' id='word_1_152' title='bbox 467 1814 659 1886; x_wconf 74' lang='lat' dir='ltr'><strong>temperatio</strong></span> <span class='ocrx_word' id='word_1_153' title='bbox 682 1822 716 1868; x_wconf 81' lang='grc' dir='ltr'><strong>ετ</strong></span> <span class='ocrx_word' id='word_1_154' title='bbox 735 1806 891 1869; x_wconf 75' lang='lat' dir='ltr'><strong>honestis.</strong></span> <span class='ocrx_word' id='word_1_155' title='bbox 934 1808 1079 1896; x_wconf 84' lang='lat' dir='ltr'><strong>Displicet</strong></span> <span class='ocrx_word' id='word_1_156' title='bbox 1098 1833 1170 1875; x_wconf 92' lang='lat' dir='ltr'><strong>vero</strong></span> <span class='ocrx_word' id='word_1_157' title='bbox 1192 1812 1266 1877; x_wconf 79' lang='grc' dir='ltr'><strong><em>ἀκο-</em></strong></span> 
     </span>
     <span class='ocr_line' id='line_1_20' title="bbox 104 1886 1266 2049; baseline 0.004 -7"><span class='ocrx_word' id='word_1_158' title='bbox 104 1886 363 2042; x_wconf 66' lang='lat' dir='ltr'><strong>ld&#39;lt‘dlh</strong></span> <span class='ocrx_word' id='word_1_159' title='bbox 405 1889 1266 2049; x_wconf 57' lang='lat' dir='ltr'><strong>ltddlzllullddh”tlh‘dlllufflld</strong></span> 
     </span>
     <span class='ocr_line' id='line_1_21' title="bbox 105 1997 1171 2166; baseline -0.003 -41"><span class='ocrx_word' id='word_1_160' title='bbox 105 2071 134 2126; x_wconf 86' lang='lat' dir='ltr'><strong>et</strong></span> <span class='ocrx_word' id='word_1_161' title='bbox 152 2061 327 2125; x_wconf 88' lang='lat' dir='ltr'><strong>Eustathius</strong></span> <span class='ocrx_word' id='word_1_162' title='bbox 347 2024 376 2166; x_wconf 66' lang='lat' dir='ltr'><strong>p.</strong></span> <span class='ocrx_word' id='word_1_163' title='bbox 388 1997 492 2140; x_wconf 76' lang='lat' dir='ltr'><strong>qltilll,</strong></span> <span class='ocrx_word' id='word_1_164' title='bbox 514 2057 571 2124; x_wconf 82' lang='lat'><strong>47:</strong></span> <span class='ocrx_word' id='word_1_165' title='bbox 1152 2001 1171 2067; x_wconf 63' lang='lat' dir='ltr'>p</span> 
     </span>
    </p>

    <p class='ocr_par' dir='ltr' id='par_1_5' title="bbox 98 2140 1365 4171">
     <span class='ocr_line' id='line_1_22' title="bbox 183 2140 856 2227; baseline -0.004 -18"><span class='ocrx_word' id='word_1_166' title='bbox 183 2143 240 2221; x_wconf 87' lang='grc' dir='ltr'><strong><em>Ὡς</em></strong></span> <span class='ocrx_word' id='word_1_167' title='bbox 261 2142 330 2220; x_wconf 80' lang='grc' dir='ltr'><strong><em>ὄνος</em></strong></span> <span class='ocrx_word' id='word_1_168' title='bbox 350 2144 497 2227; x_wconf 89' lang='grc' dir='ltr'><strong><em>απωτέρω</em></strong></span> <span class='ocrx_word' id='word_1_169' title='bbox 518 2141 654 2224; x_wconf 87' lang='grc' dir='ltr'><strong><em>κάθηται</em></strong></span> <span class='ocrx_word' id='word_1_170' title='bbox 675 2147 730 2224; x_wconf 83' lang='grc' dir='ltr'><strong>τῆς</strong></span> <span class='ocrx_word' id='word_1_171' title='bbox 750 2140 856 2226; x_wconf 83' lang='grc' dir='ltr'><strong><em>λύρας.</em></strong></span> 
     </span>
     <span class='ocr_line' id='line_1_23' title="bbox 105 2227 1264 2328; baseline -0.001 -33"><span class='ocrx_word' id='word_1_172' title='bbox 105 2237 197 2295; x_wconf 87' lang='lat' dir='ltr'><strong>utrum</strong></span> <span class='ocrx_word' id='word_1_173' title='bbox 220 2229 257 2294; x_wconf 92' lang='lat' dir='ltr'><strong>ad</strong></span> <span class='ocrx_word' id='word_1_174' title='bbox 279 2231 407 2293; x_wconf 90' lang='lat' dir='ltr'><strong>musicae</strong></span> <span class='ocrx_word' id='word_1_175' title='bbox 428 2228 500 2291; x_wconf 90' lang='lat' dir='ltr'><strong>artis</strong></span> <span class='ocrx_word' id='word_1_176' title='bbox 513 2227 750 2328; x_wconf 87' lang='lat' dir='ltr'><strong>depravationem</strong></span> <span class='ocrx_word' id='word_1_177' title='bbox 763 2228 938 2293; x_wconf 83' lang='lat' dir='ltr'><strong>referendus</strong></span> <span class='ocrx_word' id='word_1_178' title='bbox 959 2228 999 2292; x_wconf 88' lang='lat' dir='ltr'><strong>sit</strong></span> <span class='ocrx_word' id='word_1_179' title='bbox 1019 2250 1073 2293; x_wconf 89' lang='lat' dir='ltr'><strong>nec</strong></span> <span class='ocrx_word' id='word_1_180' title='bbox 1085 2250 1134 2311; x_wconf 90' lang='lat' dir='ltr'><strong>ne,</strong></span> <span class='ocrx_word' id='word_1_181' title='bbox 1155 2229 1175 2293; x_wconf 93' lang='lat' dir='ltr'><strong>li</strong></span> <span class='ocrx_word' id='word_1_182' title='bbox 1197 2230 1264 2294; x_wconf 91' lang='lat' dir='ltr'><strong>uido</strong></span> 
     </span>
     <span class='ocr_line' id='line_1_24' title="bbox 106 2251 1264 2402; baseline 0.003 -25"><span class='ocrx_word' id='word_1_183' title='bbox 106 2313 232 2385; x_wconf 85' lang='lat' dir='ltr'><strong>discerni</strong></span> <span class='ocrx_word' id='word_1_184' title='bbox 253 2315 366 2398; x_wconf 87' lang='lat' dir='ltr'><strong>nequit:</strong></span> <span class='ocrx_word' id='word_1_185' title='bbox 389 2315 426 2379; x_wconf 80' lang='lat' dir='ltr'><strong>cf.</strong></span> <span class='ocrx_word' id='word_1_186' title='bbox 440 2312 594 2377; x_wconf 80' lang='lat' dir='ltr'><strong>Honorius</strong></span> <span class='ocrx_word' id='word_1_187' title='bbox 615 2334 644 2401; x_wconf 94' lang='lat' dir='ltr'><strong>p.</strong></span> <span class='ocrx_word' id='word_1_188' title='bbox 654 2314 697 2378; x_wconf 82' lang='lat'><strong>59</strong></span> <span class='ocrx_word' id='word_1_189' title='bbox 710 2332 789 2398; x_wconf 86' lang='lat' dir='ltr'><strong>seqq.</strong></span> <span class='ocrx_word' id='word_1_190' title='bbox 811 2312 882 2377; x_wconf 87' lang='lat' dir='ltr'><strong>Fuit</strong></span> <span class='ocrx_word' id='word_1_191' title='bbox 903 2314 980 2378; x_wconf 90' lang='lat' dir='ltr'><strong>enim</strong></span> <span class='ocrx_word' id='word_1_192' title='bbox 1002 2314 1058 2378; x_wconf 89' lang='lat' dir='ltr'><strong>hoc</strong></span> <span class='ocrx_word' id='word_1_193' title='bbox 1078 2251 1264 2402; x_wconf 75' lang='lat' dir='ltr'><strong>proverloium</strong></span> 
     </span>
     <span class='ocr_line' id='line_1_25' title="bbox 104 2397 1264 2502; baseline 0.001 -40"><span class='ocrx_word' id='word_1_194' title='bbox 104 2399 187 2486; x_wconf 84' lang='lat' dir='ltr'><strong>vulgi</strong></span> <span class='ocrx_word' id='word_1_195' title='bbox 208 2420 259 2462; x_wconf 87' lang='lat' dir='ltr'><strong>ore</strong></span> <span class='ocrx_word' id='word_1_196' title='bbox 281 2400 388 2462; x_wconf 88' lang='lat' dir='ltr'><strong>tritum.</strong></span> <span class='ocrx_word' id='word_1_197' title='bbox 422 2397 491 2460; x_wconf 91' lang='lat' dir='ltr'><strong>Non</strong></span> <span class='ocrx_word' id='word_1_198' title='bbox 512 2398 608 2484; x_wconf 82' lang='lat' dir='ltr'><strong>magis</strong></span> <span class='ocrx_word' id='word_1_199' title='bbox 631 2397 666 2461; x_wconf 91' lang='lat' dir='ltr'><strong>ad</strong></span> <span class='ocrx_word' id='word_1_200' title='bbox 689 2398 828 2461; x_wconf 90' lang='lat' dir='ltr'><strong>musicam</strong></span> <span class='ocrx_word' id='word_1_201' title='bbox 856 2405 968 2502; x_wconf 87' lang='lat' dir='ltr'><strong>spectat</strong></span> <span class='ocrx_word' id='word_1_202' title='bbox 993 2398 1065 2463; x_wconf 92' lang='lat' dir='ltr'><strong>illud</strong></span> <span class='ocrx_word' id='word_1_203' title='bbox 1087 2399 1163 2485; x_wconf 91' lang='lat' dir='ltr'><strong>quod</strong></span> <span class='ocrx_word' id='word_1_204' title='bbox 1184 2399 1264 2463; x_wconf 92' lang='lat' dir='ltr'><strong>Pho-</strong></span> 
     </span>
     <span class='ocr_line' id='line_1_26' title="bbox 105 2478 1264 2566; baseline -0.002 -20"><span class='ocrx_word' id='word_1_205' title='bbox 105 2483 160 2547; x_wconf 75' lang='lat' dir='ltr'><strong>tluo</strong></span> <span class='ocrx_word' id='word_1_206' title='bbox 208 2483 360 2563; x_wconf 77' lang='lat'><strong>.261,8</strong></span> <span class='ocrx_word' id='word_1_207' title='bbox 387 2481 489 2546; x_wconf 81' lang='lat' dir='ltr'><strong>affert:</strong></span> <span class='ocrx_word' id='word_1_208' title='bbox 524 2480 634 2546; x_wconf 82' lang='grc' dir='ltr'><strong><em>Μετὰ</em></strong></span> <span class='ocrx_word' id='word_1_209' title='bbox 661 2481 833 2560; x_wconf 88' lang='grc' dir='ltr'><strong><em>Λέσβιον</em></strong></span> <span class='ocrx_word' id='word_1_210' title='bbox 859 2478 976 2566; x_wconf 56' lang='lat' dir='ltr'><strong>podda·</strong></span> <span class='ocrx_word' id='word_1_211' title='bbox 1007 2480 1091 2566; x_wconf 84' lang='grc' dir='ltr'><strong><em>παρά</em></strong></span> <span class='ocrx_word' id='word_1_212' title='bbox 1118 2484 1264 2566; x_wconf 86' lang='grc' dir='ltr'><strong><em>,Κρατίνω</em></strong></span> 
     </span>
     <span class='ocr_line' id='line_1_27' title="bbox 106 2504 1296 2654; baseline -0.001 -22"><span class='ocrx_word' id='word_1_213' title='bbox 106 2566 157 2648; x_wconf 87' lang='lat' dir='ltr'><strong>(ex</strong></span> <span class='ocrx_word' id='word_1_214' title='bbox 180 2504 359 2633; x_wconf 62' lang='lat' dir='ltr'><strong>dhironihus</strong></span> <span class='ocrx_word' id='word_1_215' title='bbox 380 2567 499 2654; x_wconf 90' lang='lat' dir='ltr'><strong>petitum</strong></span> <span class='ocrx_word' id='word_1_216' title='bbox 520 2587 588 2630; x_wconf 88' lang='lat' dir='ltr'><strong>esse</strong></span> <span class='ocrx_word' id='word_1_217' title='bbox 609 2565 694 2629; x_wconf 90' lang='lat' dir='ltr'><strong>docet</strong></span> <span class='ocrx_word' id='word_1_218' title='bbox 713 2565 863 2630; x_wconf 90' lang='lat' dir='ltr'><strong>Zenobius</strong></span> <span class='ocrx_word' id='word_1_219' title='bbox 885 2587 913 2654; x_wconf 91' lang='lat' dir='ltr'><strong>p.</strong></span> <span class='ocrx_word' id='word_1_220' title='bbox 927 2567 961 2649; x_wconf 79' lang='lat'><strong>9)</strong></span> <span class='ocrx_word' id='word_1_221' title='bbox 984 2566 1032 2630; x_wconf 77' lang='grc' dir='ltr'><strong><em>ἐπὶ</em></strong></span> <span class='ocrx_word' id='word_1_222' title='bbox 1053 2572 1114 2630; x_wconf 82' lang='grc' dir='ltr'><strong><em>τῶν</em></strong></span> <span class='ocrx_word' id='word_1_223' title='bbox 1134 2566 1173 2630; x_wconf 82' lang='lat' dir='ltr'><strong>coi</strong></span> <span class='ocrx_word' id='word_1_224' title='bbox 1194 2547 1265 2632; x_wconf 79' lang='grc' dir='ltr'><strong><em>δεά-</em></strong></span> <span class='ocrx_word' id='word_1_225' title='bbox 1288 2593 1296 2610; x_wconf 88' lang='grc'><em>·</em></span> 
     </span>
     <span class='ocr_line' id='line_1_28' title="bbox 103 2646 1264 2738; baseline 0.001 -24"><span class='ocrx_word' id='word_1_226' title='bbox 103 2675 174 2738; x_wconf 86' lang='grc' dir='ltr'><strong><em>τερα</em></strong></span> <span class='ocrx_word' id='word_1_227' title='bbox 196 2651 384 2737; x_wconf 73' lang='grc' dir='ltr'><strong><em>φερομένων·</em></strong></span> <span class='ocrx_word' id='word_1_228' title='bbox 408 2650 435 2714; x_wconf 80' lang='grc' dir='ltr'><strong><em>οῖ</em></strong></span> <span class='ocrx_word' id='word_1_229' title='bbox 457 2649 515 2734; x_wconf 80' lang='grc' dir='ltr'><strong>γάρ</strong></span> <span class='ocrx_word' id='word_1_230' title='bbox 530 2646 774 2729; x_wconf 87' lang='grc' dir='ltr'><strong><em>Λακεδαιμόνιοι</em></strong></span> <span class='ocrx_word' id='word_1_231' title='bbox 795 2651 868 2726; x_wconf 79' lang='grc' dir='ltr'><strong><em>τούς</em></strong></span> <span class='ocrx_word' id='word_1_232' title='bbox 889 2651 1047 2730; x_wconf 77' lang='grc' dir='ltr'><strong><em>Λεσβίους</em></strong></span> <span class='ocrx_word' id='word_1_233' title='bbox 1067 2651 1264 2736; x_wconf 71' lang='grc' dir='ltr'><strong><em>κιθαρῳδοὺς</em></strong></span> 
     </span>
     <span class='ocr_line' id='line_1_29' title="bbox 105 2731 1265 2819; baseline 0.002 -21"><span class='ocrx_word' id='word_1_234' title='bbox 105 2762 125 2798; x_wconf 92' lang='grc' dir='ltr'><strong><em>π</em></strong></span> <span class='ocrx_word' id='word_1_235' title='bbox 144 2732 242 2812; x_wconf 80' lang='grc' dir='ltr'><strong><em>τάτους</em></strong></span> <span class='ocrx_word' id='word_1_236' title='bbox 272 2740 529 2819; x_wconf 82' lang='grc' dir='ltr'><strong><em>προσεκαλοῖιντο·</em></strong></span> <span class='ocrx_word' id='word_1_237' title='bbox 573 2731 845 2816; x_wconf 83' lang='grc' dir='ltr'><strong><em>ἀκαταστατοάσης</em></strong></span> <span class='ocrx_word' id='word_1_238' title='bbox 874 2731 932 2819; x_wconf 92' lang='grc' dir='ltr'><strong>γάρ</strong></span> <span class='ocrx_word' id='word_1_239' title='bbox 965 2759 1037 2799; x_wconf 92' lang='grc' dir='ltr'><strong><em>ποτε</em></strong></span> <span class='ocrx_word' id='word_1_240' title='bbox 1068 2741 1123 2818; x_wconf 81' lang='grc' dir='ltr'><strong>τῆς</strong></span> <span class='ocrx_word' id='word_1_241' title='bbox 1149 2732 1265 2812; x_wconf 87' lang='grc' dir='ltr'><strong><em>πόλεως</em></strong></span> 
     </span>
     <span class='ocr_line' id='line_1_30' title="bbox 105 2817 1262 2906; baseline 0.001 -23"><span class='ocrx_word' id='word_1_242' title='bbox 105 2827 205 2885; x_wconf 86' lang='grc' dir='ltr'><strong><em>αυτῶν</em></strong></span> <span class='ocrx_word' id='word_1_243' title='bbox 231 2821 370 2905; x_wconf 85' lang='grc' dir='ltr'><strong><em>χρησμὸς</em></strong></span> <span class='ocrx_word' id='word_1_244' title='bbox 395 2821 508 2903; x_wconf 88' lang='grc' dir='ltr'><strong><em>έγένετο</em></strong></span> <span class='ocrx_word' id='word_1_245' title='bbox 534 2817 588 2883; x_wconf 82' lang='grc' dir='ltr'><strong><em>τὸν</em></strong></span> <span class='ocrx_word' id='word_1_246' title='bbox 607 2819 748 2898; x_wconf 87' lang='grc' dir='ltr'><strong><em>Λέσβιον</em></strong></span> <span class='ocrx_word' id='word_1_247' title='bbox 774 2817 855 2906; x_wconf 80' lang='grc' dir='ltr'><strong><em>ᾠδὸν</em></strong></span> <span class='ocrx_word' id='word_1_248' title='bbox 880 2821 1145 2902; x_wconf 83' lang='grc' dir='ltr'><strong><em>μεταπέμπεσθαι.</em></strong></span> <span class='ocrx_word' id='word_1_249' title='bbox 1174 2821 1203 2884; x_wconf 82' lang='grc' dir='ltr'><strong><em>οἳ</em></strong></span> <span class='ocrx_word' id='word_1_250' title='bbox 1229 2819 1262 2884; x_wconf 83' lang='grc' dir='ltr'><strong>δ’</strong></span> 
     </span>
     <span class='ocr_line' id='line_1_31' title="bbox 104 2899 1264 2990; baseline 0 -22"><span class='ocrx_word' id='word_1_251' title='bbox 104 2905 133 2983; x_wconf 66' lang='lat' dir='ltr'><strong>l}</strong></span> <span class='ocrx_word' id='word_1_252' title='bbox 164 2905 318 2988; x_wconf 79' lang='grc' dir='ltr'><strong><em>Ἀντίσσης</em></strong></span> <span class='ocrx_word' id='word_1_253' title='bbox 346 2904 545 2990; x_wconf 83' lang='grc' dir='ltr'><strong><em>Τέρπανδρον</em></strong></span> <span class='ocrx_word' id='word_1_254' title='bbox 577 2901 630 2989; x_wconf 77' lang='grc' dir='ltr'><strong>ἔφ’</strong></span> <span class='ocrx_word' id='word_1_255' title='bbox 659 2905 766 2986; x_wconf 71' lang='grc' dir='ltr'><strong><em>αἵματι</em></strong></span> <span class='ocrx_word' id='word_1_256' title='bbox 808 2899 958 2989; x_wconf 76' lang='grc' dir='ltr'><strong><em>φεύγοντα</em></strong></span> <span class='ocrx_word' id='word_1_257' title='bbox 991 2902 1264 2987; x_wconf 78' lang='grc' dir='ltr'><strong><em>μεταπεμψάμενοι</em></strong></span> 
     </span>
     <span class='ocr_line' id='line_1_32' title="bbox 103 2986 1263 3072; baseline 0 -18"><span class='ocrx_word' id='word_1_258' title='bbox 103 2987 213 3072; x_wconf 74' lang='grc' dir='ltr'><strong><em>ἤκουον</em></strong></span> <span class='ocrx_word' id='word_1_259' title='bbox 234 2991 337 3054; x_wconf 74' lang='grc' dir='ltr'><strong><em>αὐτῶν</em></strong></span> <span class='ocrx_word' id='word_1_260' title='bbox 358 2992 390 3055; x_wconf 82' lang='grc' dir='ltr'><strong><em>έν</em></strong></span> <span class='ocrx_word' id='word_1_261' title='bbox 410 2999 474 3064; x_wconf 89' lang='grc' dir='ltr'><strong><em>τοῖς</em></strong></span> <span class='ocrx_word' id='word_1_262' title='bbox 494 2990 660 3065; x_wconf 91' lang='grc' dir='ltr'><strong><em>συσσιτίοις</em></strong></span> <span class='ocrx_word' id='word_1_263' title='bbox 679 2992 730 3053; x_wconf 84' lang='grc' dir='ltr'><strong>καὶ</strong></span> <span class='ocrx_word' id='word_1_264' title='bbox 751 2986 986 3070; x_wconf 81' lang='grc' dir='ltr'><strong><em>συνεστάλησαν.</em></strong></span> <span class='ocrx_word' id='word_1_265' title='bbox 1020 2987 1081 3055; x_wconf 89' lang='lat' dir='ltr'><strong>Sed</strong></span> <span class='ocrx_word' id='word_1_266' title='bbox 1102 3011 1163 3053; x_wconf 93' lang='lat' dir='ltr'><strong>non</strong></span> <span class='ocrx_word' id='word_1_267' title='bbox 1183 2998 1263 3054; x_wconf 87' lang='lat' dir='ltr'><strong>recte</strong></span> 
     </span>
     <span class='ocr_line' id='line_1_33' title="bbox 102 3072 1262 3164; baseline -0.002 -24"><span class='ocrx_word' id='word_1_268' title='bbox 102 3075 150 3141; x_wconf 88' lang='lat' dir='ltr'><strong>isti</strong></span> <span class='ocrx_word' id='word_1_269' title='bbox 177 3075 361 3164; x_wconf 83' lang='lat' dir='ltr'><strong>grammatici</strong></span> <span class='ocrx_word' id='word_1_270' title='bbox 382 3074 527 3161; x_wconf 81' lang='lat' dir='ltr'><strong>originem</strong></span> <span class='ocrx_word' id='word_1_271' title='bbox 549 3074 636 3138; x_wconf 91' lang='lat' dir='ltr'><strong>huius</strong></span> <span class='ocrx_word' id='word_1_272' title='bbox 656 3074 806 3162; x_wconf 87' lang='lat' dir='ltr'><strong>proverbii</strong></span> <span class='ocrx_word' id='word_1_273' title='bbox 827 3073 863 3138; x_wconf 92' lang='lat' dir='ltr'><strong>ad</strong></span> <span class='ocrx_word' id='word_1_274' title='bbox 886 3072 1094 3161; x_wconf 88' lang='lat' dir='ltr'><strong>Terpandrum</strong></span> <span class='ocrx_word' id='word_1_275' title='bbox 1116 3076 1262 3156; x_wconf 83' lang='lat' dir='ltr'><strong>referunt,</strong></span> 
     </span>
     <span class='ocr_line' id='line_1_34' title="bbox 102 3157 1263 3247; baseline -0.003 -22"><span class='ocrx_word' id='word_1_276' title='bbox 102 3180 269 3246; x_wconf 84' lang='lat' dir='ltr'><strong>quamnam</strong></span> <span class='ocrx_word' id='word_1_277' title='bbox 307 3180 379 3224; x_wconf 88' lang='lat' dir='ltr'><strong>sane</strong></span> <span class='ocrx_word' id='word_1_278' title='bbox 402 3157 581 3247; x_wconf 83' lang='lat' dir='ltr'><strong>Terpander</strong></span> <span class='ocrx_word' id='word_1_279' title='bbox 606 3158 832 3222; x_wconf 86' lang='lat' dir='ltr'><strong>Lacedaemone</strong></span> <span class='ocrx_word' id='word_1_280' title='bbox 859 3164 906 3222; x_wconf 89' lang='lat' dir='ltr'><strong>est</strong></span> <span class='ocrx_word' id='word_1_281' title='bbox 935 3165 1071 3225; x_wconf 85' lang='lat' dir='ltr'><strong>versatus</strong></span> <span class='ocrx_word' id='word_1_282' title='bbox 1095 3159 1263 3246; x_wconf 86' lang='lat' dir='ltr'><strong>primusque</strong></span> 
     </span>
     <span class='ocr_line' id='line_1_35' title="bbox 102 3239 1263 3330; baseline 0 -22"><span class='ocrx_word' id='word_1_283' title='bbox 102 3246 170 3310; x_wconf 86' lang='lat' dir='ltr'><strong>vicit</strong></span> <span class='ocrx_word' id='word_1_284' title='bbox 220 3267 328 3325; x_wconf 84' lang='lat' dir='ltr'><strong>annea,</strong></span> <span class='ocrx_word' id='word_1_285' title='bbox 358 3243 418 3309; x_wconf 69' lang='lat' dir='ltr'><strong>rtd.</strong></span> <span class='ocrx_word' id='word_1_286' title='bbox 440 3243 551 3309; x_wconf 84' lang='lat' dir='ltr'><strong>Athen.</strong></span> <span class='ocrx_word' id='word_1_287' title='bbox 571 3241 654 3311; x_wconf 82' lang='lat' dir='ltr'><strong>XIV.</strong></span> <span class='ocrx_word' id='word_1_288' title='bbox 681 3263 710 3330; x_wconf 91' lang='lat' dir='ltr'><strong>p.</strong></span> <span class='ocrx_word' id='word_1_289' title='bbox 731 3242 795 3307; x_wconf 82' lang='lat'><strong>635</strong></span> <span class='ocrx_word' id='word_1_290' title='bbox 820 3240 862 3306; x_wconf 88' lang='lat' dir='ltr'><strong>E:</strong></span> <span class='ocrx_word' id='word_1_291' title='bbox 908 3241 958 3305; x_wconf 85' lang='grc' dir='ltr'><strong><em>Τδι</em></strong></span> <span class='ocrx_word' id='word_1_292' title='bbox 979 3239 1116 3328; x_wconf 76' lang='grc' dir='ltr'><strong><em>Κάρνεια</em></strong></span> <span class='ocrx_word' id='word_1_293' title='bbox 1141 3249 1263 3327; x_wconf 85' lang='grc' dir='ltr'><strong><em>πρῶτος</em></strong></span> 
     </span>
     <span class='ocr_line' id='line_1_36' title="bbox 99 3323 1264 3417; baseline 0 -25"><span class='ocrx_word' id='word_1_294' title='bbox 99 3326 222 3394; x_wconf 88' lang='grc' dir='ltr'><strong><em>πάντων</em></strong></span> <span class='ocrx_word' id='word_1_295' title='bbox 245 3329 444 3412; x_wconf 88' lang='grc' dir='ltr'><strong><em>Τέρπανδρος</em></strong></span> <span class='ocrx_word' id='word_1_296' title='bbox 464 3334 549 3417; x_wconf 76' lang='grc' dir='ltr'><strong><em>νικᾷ,</em></strong></span> <span class='ocrx_word' id='word_1_297' title='bbox 576 3323 619 3402; x_wconf 80' lang='grc' dir='ltr'><strong><em>ὥς</em></strong></span> <span class='ocrx_word' id='word_1_298' title='bbox 633 3323 809 3403; x_wconf 77' lang='grc' dir='ltr'><strong><em>Ἑλλάνικος</em></strong></span> <span class='ocrx_word' id='word_1_299' title='bbox 829 3325 895 3390; x_wconf 78' lang='lat' dir='ltr'><strong>ioco</strong></span> <span class='ocrx_word' id='word_1_300' title='bbox 917 3337 947 3391; x_wconf 88' lang='grc' dir='ltr'><strong>εῖ</strong></span> <span class='ocrx_word' id='word_1_301' title='bbox 968 3325 1000 3392; x_wconf 84' lang='grc' dir='ltr'><strong><em>έν</em></strong></span> <span class='ocrx_word' id='word_1_302' title='bbox 1020 3352 1053 3393; x_wconf 88' lang='grc' dir='ltr'><strong>τε</strong></span> <span class='ocrx_word' id='word_1_303' title='bbox 1077 3335 1142 3402; x_wconf 87' lang='grc' dir='ltr'><strong><em>τοῖς</em></strong></span> <span class='ocrx_word' id='word_1_304' title='bbox 1169 3327 1264 3409; x_wconf 83' lang='grc' dir='ltr'><strong><em>έμμέ-</em></strong></span> 
     </span>
     <span class='ocr_line' id='line_1_37' title="bbox 98 3352 1262 3518; baseline -0.003 -37"><span class='ocrx_word' id='word_1_305' title='bbox 98 3438 183 3498; x_wconf 89' lang='grc' dir='ltr'><strong><em>τροις</em></strong></span> <span class='ocrx_word' id='word_1_306' title='bbox 204 3415 424 3498; x_wconf 89' lang='grc' dir='ltr'><strong><em>Καρνεονίκαις</em></strong></span> <span class='ocrx_word' id='word_1_307' title='bbox 444 3411 501 3477; x_wconf 82' lang='grc' dir='ltr'><strong>κάν</strong></span> <span class='ocrx_word' id='word_1_308' title='bbox 517 3421 581 3488; x_wconf 89' lang='grc' dir='ltr'><strong><em>τοῖς</em></strong></span> <span class='ocrx_word' id='word_1_309' title='bbox 602 3407 831 3495; x_wconf 73' lang='grc' dir='ltr'><strong><em>καταλογάδην·</em></strong></span> <span class='ocrx_word' id='word_1_310' title='bbox 859 3352 971 3495; x_wconf 69' lang='grc' dir='ltr'><strong><em>ἐγένετο</em></strong></span> <span class='ocrx_word' id='word_1_311' title='bbox 994 3412 1027 3476; x_wconf 78' lang='grc' dir='ltr'><strong>δὲ</strong></span> <span class='ocrx_word' id='word_1_312' title='bbox 1052 3407 1072 3518; x_wconf 69' lang='grc' dir='ltr'><strong><em>η</em></strong></span> <span class='ocrx_word' id='word_1_313' title='bbox 1093 3413 1181 3488; x_wconf 90' lang='grc' dir='ltr'><strong><em>θέσις</em></strong></span> <span class='ocrx_word' id='word_1_314' title='bbox 1200 3419 1262 3477; x_wconf 84' lang='grc' dir='ltr'><strong><em>τῶν</em></strong></span> 
     </span>
     <span class='ocr_line' id='line_1_38' title="bbox 98 3493 1264 3584; baseline -0.002 -20"><span class='ocrx_word' id='word_1_315' title='bbox 98 3501 259 3584; x_wconf 81' lang='grc' dir='ltr'><strong><em>Καρνείων</em></strong></span> <span class='ocrx_word' id='word_1_316' title='bbox 284 3499 363 3562; x_wconf 82' lang='grc' dir='ltr'><strong><em>κατὰ</em></strong></span> <span class='ocrx_word' id='word_1_317' title='bbox 384 3497 438 3581; x_wconf 79' lang='grc' dir='ltr'><strong><em>τὴν</em></strong></span> <span class='ocrx_word' id='word_1_318' title='bbox 464 3497 552 3580; x_wconf 82' lang='grc' dir='ltr'><strong><em>έκτην</em></strong></span> <span class='ocrx_word' id='word_1_319' title='bbox 578 3500 628 3560; x_wconf 81' lang='grc' dir='ltr'><strong>καὶ</strong></span> <span class='ocrx_word' id='word_1_320' title='bbox 654 3495 792 3579; x_wconf 77' lang='grc' dir='ltr'><strong><em>εἰκοστὴν</em></strong></span> <span class='ocrx_word' id='word_1_321' title='bbox 817 3493 1011 3582; x_wconf 79' lang='grc' dir='ltr'><strong><em>ὀλυμπιάδα,</em></strong></span> <span class='ocrx_word' id='word_1_322' title='bbox 1044 3523 1087 3572; x_wconf 87' lang='grc' dir='ltr'><strong><em>ως</em></strong></span> <span class='ocrx_word' id='word_1_323' title='bbox 1112 3494 1264 3577; x_wconf 82' lang='grc' dir='ltr'><strong><em>Σωσίβιός</em></strong></span> 
     </span>
     <span class='ocr_line' id='line_1_39' title="bbox 100 3580 1261 3670; baseline 0.001 -23"><span class='ocrx_word' id='word_1_324' title='bbox 100 3609 195 3670; x_wconf 88' lang='grc' dir='ltr'><strong><em>φησιν</em></strong></span> <span class='ocrx_word' id='word_1_325' title='bbox 216 3587 248 3647; x_wconf 85' lang='grc' dir='ltr'><strong><em>έν</em></strong></span> <span class='ocrx_word' id='word_1_326' title='bbox 268 3590 312 3668; x_wconf 80' lang='grc' dir='ltr'><strong><em>τῷ</em></strong></span> <span class='ocrx_word' id='word_1_327' title='bbox 334 3588 400 3663; x_wconf 78' lang='grc' dir='ltr'><strong><em>περὶ</em></strong></span> <span class='ocrx_word' id='word_1_328' title='bbox 420 3580 548 3664; x_wconf 88' lang='grc' dir='ltr'><strong><em>χρόνων.</em></strong></span> <span class='ocrx_word' id='word_1_329' title='bbox 570 3581 661 3646; x_wconf 85' lang='lat' dir='ltr'><strong>Immo</strong></span> <span class='ocrx_word' id='word_1_330' title='bbox 683 3604 747 3646; x_wconf 84' lang='lat' dir='ltr'><strong>cum</strong></span> <span class='ocrx_word' id='word_1_331' title='bbox 769 3580 876 3645; x_wconf 80' lang='lat' dir='ltr'><strong>Lesbii</strong></span> <span class='ocrx_word' id='word_1_332' title='bbox 897 3583 1020 3669; x_wconf 77' lang='lat' dir='ltr'><strong>primum</strong></span> <span class='ocrx_word' id='word_1_333' title='bbox 1043 3584 1149 3647; x_wconf 74' lang='lat' dir='ltr'><strong>ceteris</strong></span> <span class='ocrx_word' id='word_1_334' title='bbox 1168 3583 1261 3649; x_wconf 79' lang='lat' dir='ltr'><strong>Grae·</strong></span> 
     </span>
     <span class='ocr_line' id='line_1_40' title="bbox 99 3666 1260 3755; baseline -0.001 -22"><span class='ocrx_word' id='word_1_335' title='bbox 99 3669 142 3734; x_wconf 86' lang='lat' dir='ltr'><strong>cis</strong></span> <span class='ocrx_word' id='word_1_336' title='bbox 164 3676 228 3733; x_wconf 83' lang='lat' dir='ltr'><strong>arte</strong></span> <span class='ocrx_word' id='word_1_337' title='bbox 249 3668 374 3732; x_wconf 91' lang='lat' dir='ltr'><strong>canendi</strong></span> <span class='ocrx_word' id='word_1_338' title='bbox 420 3675 586 3730; x_wconf 87' lang='lat' dir='ltr'><strong>raestarent</strong></span> <span class='ocrx_word' id='word_1_339' title='bbox 616 3667 701 3744; x_wconf 85' lang='lat' dir='ltr'><strong>(scite</strong></span> <span class='ocrx_word' id='word_1_340' title='bbox 723 3666 835 3755; x_wconf 85' lang='lat' dir='ltr'><strong>Orphei</strong></span> <span class='ocrx_word' id='word_1_341' title='bbox 856 3675 941 3754; x_wconf 87' lang='lat' dir='ltr'><strong>caput</strong></span> <span class='ocrx_word' id='word_1_342' title='bbox 962 3674 993 3730; x_wconf 90' lang='lat' dir='ltr'><strong>et</strong></span> <span class='ocrx_word' id='word_1_343' title='bbox 1011 3666 1107 3753; x_wconf 88' lang='lat' dir='ltr'><strong>lyram</strong></span> <span class='ocrx_word' id='word_1_344' title='bbox 1129 3669 1260 3732; x_wconf 87' lang='lat' dir='ltr'><strong>Lesbum</strong></span> 
     </span>
     <span class='ocr_line' id='line_1_41' title="bbox 100 3689 1365 3841; baseline -0.002 -23"><span class='ocrx_word' id='word_1_345' title='bbox 100 3752 224 3818; x_wconf 90' lang='lat' dir='ltr'><strong>delatam</strong></span> <span class='ocrx_word' id='word_1_346' title='bbox 251 3774 319 3816; x_wconf 84' lang='lat' dir='ltr'><strong>esse</strong></span> <span class='ocrx_word' id='word_1_347' title='bbox 369 3689 516 3835; x_wconf 77' lang='lat' dir='ltr'><strong>cohibent)</strong></span> <span class='ocrx_word' id='word_1_348' title='bbox 538 3752 645 3815; x_wconf 85' lang='lat' dir='ltr'><strong>Lesbii</strong></span> <span class='ocrx_word' id='word_1_349' title='bbox 672 3757 807 3815; x_wconf 89' lang='lat' dir='ltr'><strong>cantores</strong></span> <span class='ocrx_word' id='word_1_350' title='bbox 834 3757 884 3816; x_wconf 88' lang='lat' dir='ltr'><strong>tan</strong></span> <span class='ocrx_word' id='word_1_351' title='bbox 906 3773 969 3815; x_wconf 88' lang='lat' dir='ltr'><strong>uam</strong></span> <span class='ocrx_word' id='word_1_352' title='bbox 996 3748 1144 3841; x_wconf 89' lang='lat' dir='ltr'><strong>principes</strong></span> <span class='ocrx_word' id='word_1_353' title='bbox 1169 3752 1261 3816; x_wconf 83' lang='lat' dir='ltr'><strong>hahiti</strong></span> <span class='ocrx_word' id='word_1_354' title='bbox 1363 3798 1365 3806; x_wconf 70' lang='lat'><strong>,</strong></span> 
     </span>
     <span class='ocr_line' id='line_1_42' title="bbox 100 3772 1273 3926; baseline -0.003 -23"><span class='ocrx_word' id='word_1_355' title='bbox 100 3847 178 3919; x_wconf 82' lang='lat' dir='ltr'><strong>suut,</strong></span> <span class='ocrx_word' id='word_1_356' title='bbox 199 3839 295 3922; x_wconf 87' lang='lat' dir='ltr'><strong>itaque</strong></span> <span class='ocrx_word' id='word_1_357' title='bbox 308 3774 397 3922; x_wconf 79' lang='lat' dir='ltr'><strong>vulgo</strong></span> <span class='ocrx_word' id='word_1_358' title='bbox 415 3838 521 3901; x_wconf 88' lang='lat' dir='ltr'><strong>dictum</strong></span> <span class='ocrx_word' id='word_1_359' title='bbox 541 3835 618 3916; x_wconf 84' lang='grc' dir='ltr'><strong><em>μετὰ</em></strong></span> <span class='ocrx_word' id='word_1_360' title='bbox 630 3837 769 3916; x_wconf 87' lang='grc' dir='ltr'><strong><em>Λέσβιον</em></strong></span> <span class='ocrx_word' id='word_1_361' title='bbox 783 3833 864 3922; x_wconf 78' lang='grc' dir='ltr'><strong><em>ᾠδὸν</em></strong></span> <span class='ocrx_word' id='word_1_362' title='bbox 883 3772 919 3900; x_wconf 85' lang='lat' dir='ltr'><strong>do</strong></span> <span class='ocrx_word' id='word_1_363' title='bbox 936 3857 980 3913; x_wconf 90' lang='lat' dir='ltr'><strong>eo,</strong></span> <span class='ocrx_word' id='word_1_364' title='bbox 1004 3837 1051 3926; x_wconf 84' lang='lat' dir='ltr'><strong>qui</strong></span> <span class='ocrx_word' id='word_1_365' title='bbox 1073 3836 1105 3899; x_wconf 94' lang='lat' dir='ltr'><strong>in</strong></span> <span class='ocrx_word' id='word_1_366' title='bbox 1127 3856 1273 3921; x_wconf 69' lang='lat' dir='ltr'><strong>quacum·v</strong></span> 
     </span>
     <span class='ocr_line' id='line_1_43' title="bbox 101 3920 1260 4020; baseline -0.003 -34"><span class='ocrx_word' id='word_1_367' title='bbox 101 3943 155 4007; x_wconf 88' lang='lat' dir='ltr'><strong>que</strong></span> <span class='ocrx_word' id='word_1_368' title='bbox 176 3946 209 4020; x_wconf 80' lang='lat' dir='ltr'><strong>re</strong></span> <span class='ocrx_word' id='word_1_369' title='bbox 232 3921 390 4019; x_wconf 78' lang='lat' dir='ltr'><strong>secundum</strong></span> <span class='ocrx_word' id='word_1_370' title='bbox 412 3922 557 3985; x_wconf 88' lang='lat' dir='ltr'><strong>obtineret</strong></span> <span class='ocrx_word' id='word_1_371' title='bbox 572 3922 681 3985; x_wconf 79' lang='lat' dir='ltr'><strong>locumt</strong></span> <span class='ocrx_word' id='word_1_372' title='bbox 703 3920 839 3984; x_wconf 84' lang='lat' dir='ltr'><strong>conferas</strong></span> <span class='ocrx_word' id='word_1_373' title='bbox 862 3921 986 3986; x_wconf 89' lang='lat' dir='ltr'><strong>eximios</strong></span> <span class='ocrx_word' id='word_1_374' title='bbox 1007 3943 1112 3986; x_wconf 88' lang='lat' dir='ltr'><strong>versus</strong></span> <span class='ocrx_word' id='word_1_375' title='bbox 1124 3922 1260 4010; x_wconf 75' lang='lat' dir='ltr'><strong>Sapphus</strong></span> 
     </span>
     <span class='ocr_line' id='line_1_44' title="bbox 103 4006 1011 4171; baseline 0 -19"><span class='ocrx_word' id='word_1_376' title='bbox 103 4029 139 4072; x_wconf 62' lang='lat' dir='ltr'><strong>ex</strong></span> <span class='ocrx_word' id='word_1_377' title='bbox 160 4006 378 4170; x_wconf 49' lang='lat' dir='ltr'><strong>elldlhlllddlhfflcd</strong></span> <span class='ocrx_word' id='word_1_378' title='bbox 400 4090 559 4171; x_wconf 85' lang='grc' dir='ltr'><strong><em>μέλαθρον</em></strong></span> <span class='ocrx_word' id='word_1_379' title='bbox 580 4085 715 4171; x_wconf 82' lang='grc' dir='ltr'><strong><em>άέρρετε,</em></strong></span> <span class='ocrx_word' id='word_1_380' title='bbox 739 4086 873 4162; x_wconf 86' lang='grc' dir='ltr'><strong><em>τέκτονες</em></strong></span> <span class='ocrx_word' id='word_1_381' title='bbox 894 4086 1011 4171; x_wconf 74' lang='grc' dir='ltr'><strong><em>ἄνδρες,</em></strong></span> 
     </span>
    </p>

    <p class='ocr_par' dir='ltr' id='par_1_6' title="bbox 187 4167 1067 4260">
     <span class='ocr_line' id='line_1_45' title="bbox 187 4167 1067 4260; baseline -0.002 -23"><span class='ocrx_word' id='word_1_382' title='bbox 187 4180 214 4237; x_wconf 85' lang='grc' dir='ltr'>Γ</span> <span class='ocrx_word' id='word_1_383' title='bbox 212 4174 331 4260; x_wconf 85' lang='grc' dir='ltr'><strong><em>άμβρος</em></strong></span> <span class='ocrx_word' id='word_1_384' title='bbox 353 4176 505 4254; x_wconf 68' lang='grc' dir='ltr'><strong><em>ἐσέρχεται</em></strong></span> <span class='ocrx_word' id='word_1_385' title='bbox 527 4168 591 4246; x_wconf 73' lang='grc' dir='ltr'><strong><em>ἶσος</em></strong></span> <span class='ocrx_word' id='word_1_386' title='bbox 606 4170 691 4256; x_wconf 69' lang='grc' dir='ltr'><strong><em>Ἄρη,</em></strong></span> <span class='ocrx_word' id='word_1_387' title='bbox 713 4168 834 4255; x_wconf 91' lang='grc' dir='ltr'><strong><em>μεγάλω</em></strong></span> <span class='ocrx_word' id='word_1_388' title='bbox 856 4167 933 4234; x_wconf 77' lang='lat' dir='ltr'><strong>odio</strong></span> <span class='ocrx_word' id='word_1_389' title='bbox 949 4175 1067 4253; x_wconf 86' lang='grc' dir='ltr'><strong><em>μείζων,</em></strong></span> 
     </span>
    </p>

    <p class='ocr_par' dir='ltr' id='par_1_7' title="bbox 184 4253 1057 4343">
     <span class='ocr_line' id='line_1_46' title="bbox 184 4253 1057 4343; baseline -0.005 -20"><span class='ocrx_word' id='word_1_390' title='bbox 184 4261 353 4343; x_wconf 84' lang='grc' dir='ltr'><strong><em>Πέρροχος,</em></strong></span> <span class='ocrx_word' id='word_1_391' title='bbox 376 4258 417 4333; x_wconf 87' lang='grc' dir='ltr'><strong><em>ὡς</em></strong></span> <span class='ocrx_word' id='word_1_392' title='bbox 440 4255 481 4320; x_wconf 81' lang='grc' dir='ltr'><strong><em>ὅτ’</em></strong></span> <span class='ocrx_word' id='word_1_393' title='bbox 506 4254 610 4330; x_wconf 82' lang='grc' dir='ltr'><strong><em>άοιδος</em></strong></span> <span class='ocrx_word' id='word_1_394' title='bbox 632 4253 647 4319; x_wconf 82' lang='lat' dir='ltr'><strong>h</strong></span> <span class='ocrx_word' id='word_1_395' title='bbox 670 4253 809 4337; x_wconf 88' lang='grc' dir='ltr'><strong><em>Λέσβιος</em></strong></span> <span class='ocrx_word' id='word_1_396' title='bbox 829 4254 1057 4321; x_wconf 77' lang='grc' dir='ltr'><strong><em>ἀλλοδαποῖσιν.</em></strong></span> 
     </span>
    </p>
   </div>
   <div class='ocr_carea' id='block_1_3' title="bbox 0 0 1384 4792">
    <p class='ocr_par' dir='ltr' id='par_1_8' title="bbox 0 0 1384 4792">
     <span class='ocr_line' id='line_1_47' title="bbox 0 0 1384 4792; baseline 0 1"><span class='ocrx_word' id='word_1_397' title='bbox 0 0 1384 4792; x_wconf 95' lang='lat' dir='ltr'><strong> </strong></span> 
     </span>
    </p>
   </div>
  </div>
 </body>
</html>
