<?xml version="1.0" encoding="UTF-8"?>
<!DOCTYPE html PUBLIC "-//W3C//DTD XHTML 1.0 Transitional//EN"
    "http://www.w3.org/TR/xhtml1/DTD/xhtml1-transitional.dtd">
<html xmlns="http://www.w3.org/1999/xhtml" xml:lang="en" lang="en">
 <head>
  <title>
</title>
<meta http-equiv="Content-Type" content="text/html;charset=utf-8" />
  <meta name='ocr-system' content='tesseract 3.04.00' />
  <meta name='ocr-capabilities' content='ocr_page ocr_carea ocr_par ocr_line ocrx_word'/>
</head>
<body>
  <div class='ocr_page' id='page_1' title='image "./commentationumd00berggoog_0473.png"; bbox 0 0 2760 4792; ppageno 0'>
   <div class='ocr_carea' id='block_1_1' title="bbox 293 221 1235 305">
    <p class='ocr_par' dir='ltr' id='par_1_1' title="bbox 293 221 1235 305">
     <span class='ocr_line' id='line_1_1' title="bbox 293 221 1235 305; baseline 0.016 -17"><span class='ocrx_word' id='word_1_1' title='bbox 293 221 353 288; x_wconf 80' lang='lat' dir='ltr'><strong>DE</strong></span> <span class='ocrx_word' id='word_1_2' title='bbox 374 221 517 298; x_wconf 77' lang='lat' dir='ltr'><strong>asmo.</strong></span> <span class='ocrx_word' id='word_1_3' title='bbox 537 221 724 294; x_wconf 81' lang='lat' dir='ltr'><strong>COMOED.</strong></span> <span class='ocrx_word' id='word_1_4' title='bbox 745 224 1016 305; x_wconf 50' lang='lat' dir='ltr'><strong>ansanum.</strong></span> <span class='ocrx_word' id='word_1_5' title='bbox 1170 231 1235 302; x_wconf 75' lang='grc'><strong>429</strong></span> 
     </span>
    </p>
   </div>
   <div class='ocr_carea' id='block_1_2' title="bbox 68 389 1236 733">
    <p class='ocr_par' dir='ltr' id='par_1_2' title="bbox 68 389 1236 642">
     <span class='ocr_line' id='line_1_2' title="bbox 156 389 1235 466; baseline 0.009 -10"><span class='ocrx_word' id='word_1_6' title='bbox 156 392 206 456; x_wconf 86' lang='lat' dir='ltr'><strong>Ex</strong></span> <span class='ocrx_word' id='word_1_7' title='bbox 218 396 352 457; x_wconf 69' lang='lat' dir='ltr'><strong>Dioclis</strong></span> <span class='ocrx_word' id='word_1_8' title='bbox 363 389 536 456; x_wconf 87' lang='lat' dir='ltr'><strong>Bacchahus</strong></span> <span class='ocrx_word' id='word_1_9' title='bbox 548 390 659 456; x_wconf 86' lang='lat' dir='ltr'>Pollux</span> <span class='ocrx_word' id='word_1_10' title='bbox 668 390 707 461; x_wconf 83' lang='lat' dir='ltr'><strong>X·</strong></span> <span class='ocrx_word' id='word_1_11' title='bbox 718 393 762 458; x_wconf 88' lang='lat'><strong>78</strong></span> <span class='ocrx_word' id='word_1_12' title='bbox 783 415 899 460; x_wconf 89' lang='lat' dir='ltr'><strong>versum</strong></span> <span class='ocrx_word' id='word_1_13' title='bbox 920 399 1065 464; x_wconf 81' lang='lat' dir='ltr'><strong>servavit:</strong></span> <span class='ocrx_word' id='word_1_14' title='bbox 1085 403 1235 466; x_wconf 82' lang='grc' dir='ltr'><strong><em>Καλεῖται</em></strong></span> 
     </span>
     <span class='ocr_line' id='line_1_3' title="bbox 69 472 1236 566; baseline 0.009 -24"><span class='ocrx_word' id='word_1_15' title='bbox 69 480 171 559; x_wconf 84' lang='grc' dir='ltr'><strong><em>μέντοι</em></strong></span> <span class='ocrx_word' id='word_1_16' title='bbox 203 479 253 540; x_wconf 82' lang='grc' dir='ltr'><strong>καλ</strong></span> <span class='ocrx_word' id='word_1_17' title='bbox 284 473 493 562; x_wconf 74' lang='grc' dir='ltr'><strong><em>ποδανιπτήρ,</em></strong></span> <span class='ocrx_word' id='word_1_18' title='bbox 525 474 561 540; x_wconf 91' lang='grc' dir='ltr'><strong><em>οὐ</em></strong></span> <span class='ocrx_word' id='word_1_19' title='bbox 588 473 665 562; x_wconf 76' lang='grc' dir='ltr'><strong><em>παρ’</em></strong></span> <span class='ocrx_word' id='word_1_20' title='bbox 683 472 843 566; x_wconf 77' lang='grc' dir='ltr'><em>Ἡροδότῳ</em></span> <span class='ocrx_word' id='word_1_21' title='bbox 869 477 980 562; x_wconf 85' lang='grc' dir='ltr'><strong><em>μόνον,</em></strong></span> <span class='ocrx_word' id='word_1_22' title='bbox 1018 482 1097 548; x_wconf 78' lang='grc' dir='ltr'><strong><em>ἀλλὰ</em></strong></span> <span class='ocrx_word' id='word_1_23' title='bbox 1123 489 1175 551; x_wconf 76' lang='grc' dir='ltr'><strong>καὶ</strong></span> <span class='ocrx_word' id='word_1_24' title='bbox 1203 487 1236 552; x_wconf 79' lang='grc' dir='ltr'><strong>ίν</strong></span> 
     </span>
     <span class='ocr_line' id='line_1_4' title="bbox 68 558 412 642; baseline -0.015 -14"><span class='ocrx_word' id='word_1_25' title='bbox 68 562 239 638; x_wconf 87' lang='grc' dir='ltr'><strong><em>Διοκλέους</em></strong></span> <span class='ocrx_word' id='word_1_26' title='bbox 260 558 412 642; x_wconf 79' lang='grc' dir='ltr'><em>Βάκχαις·</em></span> 
     </span>
    </p>

    <p class='ocr_par' dir='ltr' id='par_1_3' title="bbox 150 645 855 733">
     <span class='ocr_line' id='line_1_5' title="bbox 150 645 855 733; baseline 0.003 -23"><span class='ocrx_word' id='word_1_27' title='bbox 150 645 260 732; x_wconf 85' lang='grc' dir='ltr'><strong><em>Ὑδρία</em></strong></span> <span class='ocrx_word' id='word_1_28' title='bbox 283 672 328 723; x_wconf 88' lang='grc' dir='ltr'><strong>τις</strong></span> <span class='ocrx_word' id='word_1_29' title='bbox 349 645 369 730; x_wconf 80' lang='grc' dir='ltr'><strong><em>ἢ</em></strong></span> <span class='ocrx_word' id='word_1_30' title='bbox 387 652 522 730; x_wconf 80' lang='grc' dir='ltr'><strong><em>χαλκοῦς</em></strong></span> <span class='ocrx_word' id='word_1_31' title='bbox 542 646 733 733; x_wconf 75' lang='grc' dir='ltr'><strong><em>ποδανιπτὴρ</em></strong></span> <span class='ocrx_word' id='word_1_32' title='bbox 754 649 855 730; x_wconf 78' lang='grc' dir='ltr'><strong><em>λέβης.</em></strong></span> 
     </span>
    </p>
   </div>
   <div class='ocr_carea' id='block_1_3' title="bbox 59 750 1301 3802">
    <p class='ocr_par' dir='ltr' id='par_1_4' title="bbox 67 750 1236 1008">
     <span class='ocr_line' id='line_1_6' title="bbox 70 750 1235 837; baseline 0.009 -25"><span class='ocrx_word' id='word_1_33' title='bbox 70 769 171 814; x_wconf 89' lang='lat' dir='ltr'><strong>verum</strong></span> <span class='ocrx_word' id='word_1_34' title='bbox 193 772 247 814; x_wconf 88' lang='lat' dir='ltr'><strong>nec</strong></span> <span class='ocrx_word' id='word_1_35' title='bbox 261 750 416 814; x_wconf 88' lang='lat' dir='ltr'><strong>sententia</strong></span> <span class='ocrx_word' id='word_1_36' title='bbox 436 772 492 813; x_wconf 92' lang='lat' dir='ltr'><strong>nec</strong></span> <span class='ocrx_word' id='word_1_37' title='bbox 513 758 635 814; x_wconf 86' lang='lat' dir='ltr'><strong>metrum</strong></span> <span class='ocrx_word' id='word_1_38' title='bbox 657 751 729 815; x_wconf 87' lang='lat' dir='ltr'><strong>satis</strong></span> <span class='ocrx_word' id='word_1_39' title='bbox 750 750 899 837; x_wconf 85' lang='lat' dir='ltr'><strong>integrum</strong></span> <span class='ocrx_word' id='word_1_40' title='bbox 914 760 973 818; x_wconf 87' lang='lat' dir='ltr'><strong>est:</strong></span> <span class='ocrx_word' id='word_1_41' title='bbox 995 754 1094 820; x_wconf 89' lang='lat' dir='ltr'><strong>littera</strong></span> <span class='ocrx_word' id='word_1_42' title='bbox 1114 756 1192 821; x_wconf 93' lang='lat' dir='ltr'><strong>enim</strong></span> <span class='ocrx_word' id='word_1_43' title='bbox 1214 782 1235 822; x_wconf 88' lang='grc' dir='ltr'><strong><em>ο</em></strong></span> 
     </span>
     <span class='ocr_line' id='line_1_7' title="bbox 68 834 1236 924; baseline 0.009 -27"><span class='ocrx_word' id='word_1_44' title='bbox 68 835 101 898; x_wconf 91' lang='lat' dir='ltr'><strong>in</strong></span> <span class='ocrx_word' id='word_1_45' title='bbox 123 834 178 898; x_wconf 90' lang='lat' dir='ltr'><strong>hoc</strong></span> <span class='ocrx_word' id='word_1_46' title='bbox 199 855 288 899; x_wconf 90' lang='lat' dir='ltr'><strong>versu</strong></span> <span class='ocrx_word' id='word_1_47' title='bbox 316 854 432 922; x_wconf 90' lang='lat' dir='ltr'><strong>semper</strong></span> <span class='ocrx_word' id='word_1_48' title='bbox 458 836 535 898; x_wconf 91' lang='lat' dir='ltr'><strong>corri</strong></span> <span class='ocrx_word' id='word_1_49' title='bbox 555 836 630 916; x_wconf 90' lang='lat' dir='ltr'><strong>itur,</strong></span> <span class='ocrx_word' id='word_1_50' title='bbox 656 844 688 898; x_wconf 91' lang='lat' dir='ltr'><strong>ut</strong></span> <span class='ocrx_word' id='word_1_51' title='bbox 715 835 792 922; x_wconf 90' lang='lat' dir='ltr'><strong>apud</strong></span> <span class='ocrx_word' id='word_1_52' title='bbox 812 837 977 924; x_wconf 89' lang='lat' dir='ltr'><strong>Amipsiam</strong></span> <span class='ocrx_word' id='word_1_53' title='bbox 1003 842 1036 904; x_wconf 94' lang='lat' dir='ltr'><strong>in</strong></span> <span class='ocrx_word' id='word_1_54' title='bbox 1052 838 1236 906; x_wconf 81' lang='grc' dir='ltr'><strong><em>Ἀποκοττα-</em></strong></span> 
     </span>
     <span class='ocr_line' id='line_1_8' title="bbox 67 857 789 1008; baseline 0 -27"><span class='ocrx_word' id='word_1_55' title='bbox 67 921 202 1000; x_wconf 72' lang='grc' dir='ltr'><strong><em>βίζουσιν</em></strong></span> <span class='ocrx_word' id='word_1_56' title='bbox 223 918 300 1006; x_wconf 85' lang='lat' dir='ltr'><strong>apud</strong></span> <span class='ocrx_word' id='word_1_57' title='bbox 320 918 506 983; x_wconf 77' lang='lat' dir='ltr'><strong>Athenaeum</strong></span> <span class='ocrx_word' id='word_1_58' title='bbox 525 857 593 988; x_wconf 63' lang='lat' dir='ltr'><strong>AV.</strong></span> <span class='ocrx_word' id='word_1_59' title='bbox 614 942 643 1008; x_wconf 91' lang='lat' dir='ltr'><strong>p.</strong></span> <span class='ocrx_word' id='word_1_60' title='bbox 664 921 728 985; x_wconf 88' lang='grc'><strong>667</strong></span> <span class='ocrx_word' id='word_1_61' title='bbox 747 918 789 982; x_wconf 89' lang='lat' dir='ltr'><strong>F:</strong></span> 
     </span>
    </p>

    <p class='ocr_par' dir='ltr' id='par_1_5' title="bbox 148 1000 856 1089">
     <span class='ocr_line' id='line_1_9' title="bbox 148 1000 856 1089; baseline -0.001 -22"><span class='ocrx_word' id='word_1_62' title='bbox 148 1001 190 1067; x_wconf 84' lang='lat' dir='ltr'><strong>‘H</strong></span> <span class='ocrx_word' id='word_1_63' title='bbox 210 1006 321 1068; x_wconf 80' lang='grc' dir='ltr'><strong><em>Μανία</em></strong></span> <span class='ocrx_word' id='word_1_64' title='bbox 343 1002 413 1089; x_wconf 81' lang='grc' dir='ltr'><strong><em>φέρ’</em></strong></span> <span class='ocrx_word' id='word_1_65' title='bbox 439 1000 583 1089; x_wconf 78' lang='grc' dir='ltr'><em>ὀξύβαφα</em></span> <span class='ocrx_word' id='word_1_66' title='bbox 605 1007 655 1067; x_wconf 76' lang='grc' dir='ltr'><strong>καὶ</strong></span> <span class='ocrx_word' id='word_1_67' title='bbox 676 1000 856 1087; x_wconf 74' lang='grc' dir='ltr'><strong><em>κανθάρους</em></strong></span> 
     </span>
    </p>

    <p class='ocr_par' dir='ltr' id='par_1_6' title="bbox 66 1085 1235 1344">
     <span class='ocr_line' id='line_1_10' title="bbox 153 1085 838 1173; baseline -0.006 -17"><span class='ocrx_word' id='word_1_68' title='bbox 153 1091 216 1156; x_wconf 79' lang='grc' dir='ltr'><strong><em>Καὶ</em></strong></span> <span class='ocrx_word' id='word_1_69' title='bbox 238 1089 291 1153; x_wconf 77' lang='lat' dir='ltr'><strong>cdv</strong></span> <span class='ocrx_word' id='word_1_70' title='bbox 312 1088 514 1173; x_wconf 84' lang='grc' dir='ltr'><strong><em>ποδανιπτῆρ’</em></strong></span> <span class='ocrx_word' id='word_1_71' title='bbox 538 1090 668 1172; x_wconf 74' lang='grc' dir='ltr'><strong><em>ἐγχέασα</em></strong></span> <span class='ocrx_word' id='word_1_72' title='bbox 689 1085 838 1164; x_wconf 75' lang='grc' dir='ltr'><strong><em>δύδατος.</em></strong></span> 
     </span>
     <span class='ocr_line' id='line_1_11' title="bbox 67 1169 1235 1261; baseline 0.011 -26"><span class='ocrx_word' id='word_1_73' title='bbox 67 1171 109 1236; x_wconf 88' lang='lat' dir='ltr'><strong>Et</strong></span> <span class='ocrx_word' id='word_1_74' title='bbox 130 1173 231 1238; x_wconf 93' lang='lat' dir='ltr'><strong>eodem</strong></span> <span class='ocrx_word' id='word_1_75' title='bbox 252 1173 337 1238; x_wconf 93' lang='lat' dir='ltr'><strong>modo</strong></span> <span class='ocrx_word' id='word_1_76' title='bbox 358 1169 572 1260; x_wconf 76' lang='grc' dir='ltr'><strong><em>ποδόνιπτρον,</em></strong></span> <span class='ocrx_word' id='word_1_77' title='bbox 596 1175 654 1239; x_wconf 89' lang='lat' dir='ltr'><strong>vid.</strong></span> <span class='ocrx_word' id='word_1_78' title='bbox 666 1174 789 1239; x_wconf 81' lang='lat' dir='ltr'><strong>Homer.</strong></span> <span class='ocrx_word' id='word_1_79' title='bbox 803 1175 913 1261; x_wconf 84' lang='lat' dir='ltr'><strong>Odyss.</strong></span> <span class='ocrx_word' id='word_1_80' title='bbox 933 1175 1016 1242; x_wconf 86' lang='lat' dir='ltr'><strong>XlX.</strong></span> <span class='ocrx_word' id='word_1_81' title='bbox 1028 1178 1091 1244; x_wconf 80' lang='lat'><strong>34³</strong></span> <span class='ocrx_word' id='word_1_82' title='bbox 1111 1187 1142 1244; x_wconf 89' lang='lat' dir='ltr'><strong>et</strong></span> <span class='ocrx_word' id='word_1_83' title='bbox 1160 1179 1235 1248; x_wconf 76' lang='lat'><strong>504.</strong></span> 
     </span>
     <span class='ocr_line' id='line_1_12' title="bbox 66 1255 439 1344; baseline 0.003 -24"><span class='ocrx_word' id='word_1_84' title='bbox 66 1255 244 1344; x_wconf 82' lang='lat' dir='ltr'><strong>Legendum</strong></span> <span class='ocrx_word' id='word_1_85' title='bbox 265 1257 358 1344; x_wconf 81' lang='lat' dir='ltr'><strong>igitur</strong></span> <span class='ocrx_word' id='word_1_86' title='bbox 379 1266 439 1323; x_wconf 87' lang='lat' dir='ltr'><strong>est:</strong></span> 
     </span>
    </p>

    <p class='ocr_par' dir='ltr' id='par_1_7' title="bbox 65 1338 1233 1683">
     <span class='ocr_line' id='line_1_13' title="bbox 147 1338 881 1428; baseline 0.005 -25"><span class='ocrx_word' id='word_1_87' title='bbox 147 1338 258 1425; x_wconf 86' lang='grc' dir='ltr'><strong><em>Ὕδρία</em></strong></span> <span class='ocrx_word' id='word_1_88' title='bbox 269 1366 315 1417; x_wconf 85' lang='grc' dir='ltr'><strong>τις</strong></span> <span class='ocrx_word' id='word_1_89' title='bbox 336 1341 355 1425; x_wconf 82' lang='grc' dir='ltr'>ἢ</span> <span class='ocrx_word' id='word_1_90' title='bbox 374 1348 508 1423; x_wconf 75' lang='grc' dir='ltr'><strong><em>χαλκοῦς</em></strong></span> <span class='ocrx_word' id='word_1_91' title='bbox 529 1342 718 1428; x_wconf 74' lang='grc' dir='ltr'><strong><em>ποδανιπτὴρ</em></strong></span> <span class='ocrx_word' id='word_1_92' title='bbox 738 1340 758 1425; x_wconf 76' lang='grc' dir='ltr'><strong><em>ἢ</em></strong></span> <span class='ocrx_word' id='word_1_93' title='bbox 780 1342 881 1425; x_wconf 76' lang='grc' dir='ltr'><strong><em>λέβης.</em></strong></span> 
     </span>
     <span class='ocr_line' id='line_1_14' title="bbox 66 1425 1232 1518; baseline 0.009 -29"><span class='ocrx_word' id='word_1_94' title='bbox 66 1425 117 1490; x_wconf 83' lang='lat' dir='ltr'><strong>Ex</strong></span> <span class='ocrx_word' id='word_1_95' title='bbox 149 1427 250 1491; x_wconf 91' lang='lat' dir='ltr'><strong>eadem</strong></span> <span class='ocrx_word' id='word_1_96' title='bbox 287 1428 437 1492; x_wconf 80' lang='lat' dir='ltr'><strong>comoedia</strong></span> <span class='ocrx_word' id='word_1_97' title='bbox 467 1429 666 1514; x_wconf 80' lang='lat' dir='ltr'><strong>fragmentum</strong></span> <span class='ocrx_word' id='word_1_98' title='bbox 699 1430 832 1493; x_wconf 88' lang='lat' dir='ltr'><strong>servavit</strong></span> <span class='ocrx_word' id='word_1_99' title='bbox 862 1429 988 1493; x_wconf 92' lang='lat' dir='ltr'><strong>Photius</strong></span> <span class='ocrx_word' id='word_1_100' title='bbox 1019 1452 1048 1518; x_wconf 87' lang='lat' dir='ltr'><strong>p.</strong></span> <span class='ocrx_word' id='word_1_101' title='bbox 1071 1432 1149 1514; x_wconf 73' lang='lat'><strong>124,</strong></span> <span class='ocrx_word' id='word_1_102' title='bbox 1177 1433 1232 1499; x_wconf 83' lang='lat'><strong>17:</strong></span> 
     </span>
     <span class='ocr_line' id='line_1_15' title="bbox 67 1509 1233 1595; baseline 0.009 -22"><span class='ocrx_word' id='word_1_103' title='bbox 67 1511 160 1573; x_wconf 79' lang='grc' dir='ltr'><strong><em>Κακοὶ</em></strong></span> <span class='ocrx_word' id='word_1_104' title='bbox 187 1517 301 1575; x_wconf 83' lang='grc' dir='ltr'><strong><em>κακῶν·</em></strong></span> <span class='ocrx_word' id='word_1_105' title='bbox 345 1514 480 1592; x_wconf 81' lang='grc' dir='ltr'><strong><em>Διοκλῆς</em></strong></span> <span class='ocrx_word' id='word_1_106' title='bbox 507 1509 633 1595; x_wconf 82' lang='grc' dir='ltr'><strong><em>Βάκχη·</em></strong></span> <span class='ocrx_word' id='word_1_107' title='bbox 677 1509 792 1576; x_wconf 82' lang='grc' dir='ltr'><strong><em>Πλύνει</em></strong></span> <span class='ocrx_word' id='word_1_108' title='bbox 819 1538 851 1577; x_wconf 81' lang='grc' dir='ltr'><strong><em>τε</em></strong></span> <span class='ocrx_word' id='word_1_109' title='bbox 871 1514 911 1577; x_wconf 85' lang='grc' dir='ltr'><strong><em>τὰ</em></strong></span> <span class='ocrx_word' id='word_1_110' title='bbox 938 1513 1017 1577; x_wconf 81' lang='grc' dir='ltr'><strong><em>κακὰ</em></strong></span> <span class='ocrx_word' id='word_1_111' title='bbox 1044 1522 1106 1580; x_wconf 89' lang='grc' dir='ltr'><strong><em>τῶν</em></strong></span> <span class='ocrx_word' id='word_1_112' title='bbox 1131 1524 1233 1584; x_wconf 84' lang='grc' dir='ltr'><strong><em>κακῶν</em></strong></span> 
     </span>
     <span class='ocr_line' id='line_1_16' title="bbox 65 1590 638 1683; baseline 0.003 -26"><span class='ocrx_word' id='word_1_113' title='bbox 65 1590 158 1676; x_wconf 75' lang='grc' dir='ltr'><strong><em>ὑμᾶς.</em></strong></span> <span class='ocrx_word' id='word_1_114' title='bbox 202 1595 369 1683; x_wconf 75' lang='lat' dir='ltr'><strong>scripserat</strong></span> <span class='ocrx_word' id='word_1_115' title='bbox 388 1597 517 1659; x_wconf 83' lang='lat' dir='ltr'><strong>tortasse</strong></span> <span class='ocrx_word' id='word_1_116' title='bbox 538 1606 638 1683; x_wconf 84' lang='lat' dir='ltr'><strong>pocta:</strong></span> 
     </span>
    </p>

    <p class='ocr_par' dir='ltr' id='par_1_8' title="bbox 63 1677 1325 2099">
     <span class='ocr_line' id='line_1_17' title="bbox 151 1677 927 1759; baseline 0.005 -18"><span class='ocrx_word' id='word_1_117' title='bbox 151 1677 265 1741; x_wconf 86' lang='grc' dir='ltr'><strong><em>Πλύνει</em></strong></span> <span class='ocrx_word' id='word_1_118' title='bbox 285 1703 317 1742; x_wconf 78' lang='grc' dir='ltr'><strong><em>τε</em></strong></span> <span class='ocrx_word' id='word_1_119' title='bbox 337 1678 377 1741; x_wconf 86' lang='grc' dir='ltr'><strong><em>τὰ</em></strong></span> <span class='ocrx_word' id='word_1_120' title='bbox 398 1677 477 1742; x_wconf 75' lang='grc' dir='ltr'><strong><em>κακοὶ</em></strong></span> <span class='ocrx_word' id='word_1_121' title='bbox 488 1686 548 1743; x_wconf 87' lang='grc' dir='ltr'><strong><em>τῶν</em></strong></span> <span class='ocrx_word' id='word_1_122' title='bbox 569 1685 671 1742; x_wconf 85' lang='grc' dir='ltr'><strong><em>κακῶν</em></strong></span> <span class='ocrx_word' id='word_1_123' title='bbox 691 1677 772 1759; x_wconf 72' lang='grc' dir='ltr'><strong><em>ὑμᾶς</em></strong></span> <span class='ocrx_word' id='word_1_124' title='bbox 792 1686 927 1756; x_wconf 89' lang='grc' dir='ltr'><strong><em>κακῶς.</em></strong></span> 
     </span>
     <span class='ocr_line' id='line_1_18' title="bbox 65 1761 1233 1860; baseline 0.008 -34"><span class='ocrx_word' id='word_1_125' title='bbox 65 1762 105 1826; x_wconf 82' lang='grc' dir='ltr'><strong><em>τὰ</em></strong></span> <span class='ocrx_word' id='word_1_126' title='bbox 125 1761 203 1825; x_wconf 79' lang='grc' dir='ltr'><strong><em>κακὰ</em></strong></span> <span class='ocrx_word' id='word_1_127' title='bbox 225 1768 289 1826; x_wconf 89' lang='grc' dir='ltr'><strong><em>τῶν</em></strong></span> <span class='ocrx_word' id='word_1_128' title='bbox 315 1767 432 1847; x_wconf 84' lang='grc' dir='ltr'><strong><em>κακῶν,</em></strong></span> <span class='ocrx_word' id='word_1_129' title='bbox 462 1763 504 1827; x_wconf 89' lang='lat' dir='ltr'><strong>uti</strong></span> <span class='ocrx_word' id='word_1_130' title='bbox 529 1763 725 1828; x_wconf 77' lang='lat' dir='ltr'><strong>Pherecrates</strong></span> <span class='ocrx_word' id='word_1_131' title='bbox 755 1763 831 1827; x_wconf 85' lang='lat' dir='ltr'><strong>dixit</strong></span> <span class='ocrx_word' id='word_1_132' title='bbox 860 1766 891 1828; x_wconf 93' lang='lat' dir='ltr'><strong>in</strong></span> <span class='ocrx_word' id='word_1_133' title='bbox 913 1769 1126 1832; x_wconf 76' lang='grc' dir='ltr'><strong><em>Μεταλλεῦσιν</em></strong></span> <span class='ocrx_word' id='word_1_134' title='bbox 1155 1771 1233 1860; x_wconf 90' lang='lat' dir='ltr'><strong>apud</strong></span> 
     </span>
     <span class='ocr_line' id='line_1_19' title="bbox 66 1846 1230 1943; baseline 0.01 -34"><span class='ocrx_word' id='word_1_135' title='bbox 66 1846 252 1910; x_wconf 80' lang='lat' dir='ltr'><strong>Athenaeum</strong></span> <span class='ocrx_word' id='word_1_136' title='bbox 278 1846 332 1916; x_wconf 88' lang='lat' dir='ltr'><strong>vl.</strong></span> <span class='ocrx_word' id='word_1_137' title='bbox 360 1869 388 1935; x_wconf 91' lang='lat' dir='ltr'><strong>p.</strong></span> <span class='ocrx_word' id='word_1_138' title='bbox 409 1849 473 1914; x_wconf 78' lang='lat'><strong>269</strong></span> <span class='ocrx_word' id='word_1_139' title='bbox 495 1847 534 1913; x_wconf 93' lang='lat' dir='ltr'><strong>A.</strong></span> <span class='ocrx_word' id='word_1_140' title='bbox 576 1847 670 1911; x_wconf 83' lang='grc' dir='ltr'><strong><em>Κακδ</em></strong></span> <span class='ocrx_word' id='word_1_141' title='bbox 697 1853 797 1922; x_wconf 85' lang='grc' dir='ltr'><strong><em>κακῶς</em></strong></span> <span class='ocrx_word' id='word_1_142' title='bbox 830 1857 924 1913; x_wconf 88' lang='lat' dir='ltr'><strong>autem</strong></span> <span class='ocrx_word' id='word_1_143' title='bbox 957 1859 987 1914; x_wconf 92' lang='lat' dir='ltr'><strong>ut</strong></span> <span class='ocrx_word' id='word_1_144' title='bbox 1013 1852 1230 1943; x_wconf 86' lang='lat' dir='ltr'><strong>Aristophanes</strong></span> 
     </span>
     <span class='ocr_line' id='line_1_20' title="bbox 64 1930 1230 2027; baseline 0.011 -34"><span class='ocrx_word' id='word_1_145' title='bbox 64 1931 96 1993; x_wconf 93' lang='lat' dir='ltr'><strong>in</strong></span> <span class='ocrx_word' id='word_1_146' title='bbox 109 1930 264 2015; x_wconf 87' lang='lat' dir='ltr'><strong>Equitihus</strong></span> <span class='ocrx_word' id='word_1_147' title='bbox 286 1955 313 1997; x_wconf 89' lang='lat' dir='ltr'><strong>v.</strong></span> <span class='ocrx_word' id='word_1_148' title='bbox 327 1934 397 1998; x_wconf 75' lang='lat'><strong>189.</strong></span> <span class='ocrx_word' id='word_1_149' title='bbox 425 1931 563 1998; x_wconf 87' lang='lat' dir='ltr'><strong>Ceterum</strong></span> <span class='ocrx_word' id='word_1_150' title='bbox 582 1933 718 1998; x_wconf 85' lang='lat' dir='ltr'><strong>Dioclem</strong></span> <span class='ocrx_word' id='word_1_151' title='bbox 739 1943 864 2020; x_wconf 81' lang='lat' dir='ltr'><strong>tangere</strong></span> <span class='ocrx_word' id='word_1_152' title='bbox 884 1934 1001 2000; x_wconf 86' lang='lat' dir='ltr'><strong>videtur</strong></span> <span class='ocrx_word' id='word_1_153' title='bbox 1013 1937 1230 2027; x_wconf 90' lang='lat' dir='ltr'><strong>Aristophanes</strong></span> 
     </span>
     <span class='ocr_line' id='line_1_21' title="bbox 63 2014 584 2099; baseline 0.008 -22"><span class='ocrx_word' id='word_1_154' title='bbox 63 2016 96 2078; x_wconf 89' lang='lat' dir='ltr'><strong>in</strong></span> <span class='ocrx_word' id='word_1_155' title='bbox 116 2014 214 2080; x_wconf 87' lang='lat' dir='ltr'><strong>Ranis</strong></span> <span class='ocrx_word' id='word_1_156' title='bbox 236 2038 264 2081; x_wconf 82' lang='lat' dir='ltr'><strong>v.</strong></span> <span class='ocrx_word' id='word_1_157' title='bbox 286 2019 387 2099; x_wconf 78' lang='lat'><strong>1304,</strong></span> <span class='ocrx_word' id='word_1_158' title='bbox 414 2039 477 2081; x_wconf 92' lang='lat' dir='ltr'><strong>cum</strong></span> <span class='ocrx_word' id='word_1_159' title='bbox 500 2017 584 2082; x_wconf 89' lang='lat' dir='ltr'><strong>dicit:</strong></span> 
     </span>
    </p>

    <p class='ocr_par' dir='ltr' id='par_1_9' title="bbox 146 2097 816 2186">
     <span class='ocr_line' id='line_1_22' title="bbox 146 2097 816 2186; baseline 0.004 -24"><span class='ocrx_word' id='word_1_160' title='bbox 146 2097 310 2183; x_wconf 80' lang='grc' dir='ltr'><strong><em>Ἕνεγκοίτοο</em></strong></span> <span class='ocrx_word' id='word_1_161' title='bbox 331 2127 376 2178; x_wconf 89' lang='grc' dir='ltr'><strong>τις</strong></span> <span class='ocrx_word' id='word_1_162' title='bbox 396 2101 432 2166; x_wconf 85' lang='grc' dir='ltr'><strong><em>τὸ</em></strong></span> <span class='ocrx_word' id='word_1_163' title='bbox 454 2099 574 2186; x_wconf 85' lang='grc' dir='ltr'><strong><em>λύριον·</em></strong></span> <span class='ocrx_word' id='word_1_164' title='bbox 596 2102 694 2165; x_wconf 88' lang='grc' dir='ltr'><strong><em>καίτοι</em></strong></span> <span class='ocrx_word' id='word_1_165' title='bbox 714 2125 745 2167; x_wconf 81' lang='grc' dir='ltr'><strong>τι</strong></span> <span class='ocrx_word' id='word_1_166' title='bbox 767 2103 816 2165; x_wconf 77' lang='grc' dir='ltr'><strong><em>δεῖ</em></strong></span> 
     </span>
    </p>

    <p class='ocr_par' dir='ltr' id='par_1_10' title="bbox 148 2183 972 2273">
     <span class='ocr_line' id='line_1_23' title="bbox 148 2183 972 2273; baseline 0.004 -26"><span class='ocrx_word' id='word_1_167' title='bbox 148 2183 264 2269; x_wconf 88' lang='grc' dir='ltr'><strong><em>Λύρας</em></strong></span> <span class='ocrx_word' id='word_1_168' title='bbox 285 2188 332 2250; x_wconf 74' lang='grc' dir='ltr'><strong><em>ἐπὶ</em></strong></span> <span class='ocrx_word' id='word_1_169' title='bbox 354 2192 480 2264; x_wconf 75' lang='grc' dir='ltr'><strong><em>τοῦτονς</em></strong></span> <span class='ocrx_word' id='word_1_170' title='bbox 507 2191 567 2251; x_wconf 82' lang='grc' dir='ltr'><strong><em>πού</em></strong></span> <span class='ocrx_word' id='word_1_171' title='bbox 586 2185 665 2251; x_wconf 83' lang='grc' dir='ltr'><strong><em>’στιν</em></strong></span> <span class='ocrx_word' id='word_1_172' title='bbox 684 2183 704 2268; x_wconf 77' lang='grc' dir='ltr'><em>ἦ</em></span> <span class='ocrx_word' id='word_1_173' title='bbox 725 2196 790 2262; x_wconf 78' lang='grc' dir='ltr'><strong><em>τοῖς</em></strong></span> <span class='ocrx_word' id='word_1_174' title='bbox 811 2183 972 2273; x_wconf 79' lang='grc' dir='ltr'><strong><em>ὀστράκοις</em></strong></span> 
     </span>
    </p>

    <p class='ocr_par' dir='ltr' id='par_1_11' title="bbox 147 2267 892 2358">
     <span class='ocr_line' id='line_1_24' title="bbox 147 2267 892 2358; baseline 0.003 -26"><span class='ocrx_word' id='word_1_175' title='bbox 147 2267 238 2353; x_wconf 70' lang='lat' dir='ltr'><strong>Adur]</strong></span> <span class='ocrx_word' id='word_1_176' title='bbox 260 2278 430 2356; x_wconf 81' lang='grc' dir='ltr'><strong><em>κροτοῦσα,·</em></strong></span> <span class='ocrx_word' id='word_1_177' title='bbox 457 2272 560 2358; x_wconf 80' lang='grc' dir='ltr'><strong><em>Δῶρα</em></strong></span> <span class='ocrx_word' id='word_1_178' title='bbox 582 2269 692 2336; x_wconf 82' lang='grc' dir='ltr'><strong>Μοῦσ’</strong></span> <span class='ocrx_word' id='word_1_179' title='bbox 713 2271 892 2356; x_wconf 75' lang='grc' dir='ltr'><strong><em>Εὐριπίδου,</em></strong></span> 
     </span>
    </p>

    <p class='ocr_par' dir='ltr' id='par_1_12' title="bbox 59 2352 1301 3802">
     <span class='ocr_line' id='line_1_25' title="bbox 147 2352 925 2446; baseline 0.006 -30"><span class='ocrx_word' id='word_1_180' title='bbox 147 2354 237 2439; x_wconf 86' lang='grc' dir='ltr'><strong><em>Πρὸς</em></strong></span> <span class='ocrx_word' id='word_1_181' title='bbox 257 2353 349 2437; x_wconf 75' lang='grc' dir='ltr'><strong><em>ἥνπερ</em></strong></span> <span class='ocrx_word' id='word_1_182' title='bbox 371 2354 525 2438; x_wconf 72' lang='grc' dir='ltr'><strong><em>ἐπιτήδεια</em></strong></span> <span class='ocrx_word' id='word_1_183' title='bbox 545 2352 616 2419; x_wconf 78' lang='grc' dir='ltr'><strong><em>τάδ’</em></strong></span> <span class='ocrx_word' id='word_1_184' title='bbox 640 2355 705 2420; x_wconf 75' lang='lat' dir='ltr'><strong>t&#39;or’</strong></span> <span class='ocrx_word' id='word_1_185' title='bbox 729 2354 813 2446; x_wconf 73' lang='grc' dir='ltr'><strong><em>ᾅδειν</em></strong></span> <span class='ocrx_word' id='word_1_186' title='bbox 837 2359 925 2438; x_wconf 87' lang='grc' dir='ltr'><strong><em>μέλη.</em></strong></span> 
     </span>
     <span class='ocr_line' id='line_1_26' title="bbox 63 2439 1229 2533; baseline 0.008 -31"><span class='ocrx_word' id='word_1_187' title='bbox 63 2461 131 2503; x_wconf 90' lang='lat' dir='ltr'><strong>nam</strong></span> <span class='ocrx_word' id='word_1_188' title='bbox 153 2439 209 2503; x_wconf 89' lang='lat' dir='ltr'><strong>etsi</strong></span> <span class='ocrx_word' id='word_1_189' title='bbox 226 2440 376 2528; x_wconf 88' lang='lat' dir='ltr'><strong>Euripidis</strong></span> <span class='ocrx_word' id='word_1_190' title='bbox 398 2441 544 2505; x_wconf 84' lang='lat' dir='ltr'><strong>levitatem</strong></span> <span class='ocrx_word' id='word_1_191' title='bbox 566 2442 598 2504; x_wconf 96' lang='lat' dir='ltr'><strong>in</strong></span> <span class='ocrx_word' id='word_1_192' title='bbox 619 2442 723 2522; x_wconf 90' lang='lat' dir='ltr'><strong>modis,</strong></span> <span class='ocrx_word' id='word_1_193' title='bbox 744 2462 817 2527; x_wconf 87' lang='lat' dir='ltr'><strong>quos</strong></span> <span class='ocrx_word' id='word_1_194' title='bbox 838 2443 1015 2507; x_wconf 85' lang='lat' dir='ltr'><strong>carminibus</strong></span> <span class='ocrx_word' id='word_1_195' title='bbox 1037 2444 1229 2533; x_wconf 84' lang='lat' dir='ltr'><strong>adaptaverit,</strong></span> 
     </span>
     <span class='ocr_line' id='line_1_27' title="bbox 63 2524 1229 2613; baseline 0.008 -26"><span class='ocrx_word' id='word_1_196' title='bbox 63 2524 115 2588; x_wconf 95' lang='lat' dir='ltr'><strong>illo</strong></span> <span class='ocrx_word' id='word_1_197' title='bbox 137 2524 200 2588; x_wconf 91' lang='lat' dir='ltr'><strong>loco</strong></span> <span class='ocrx_word' id='word_1_198' title='bbox 222 2525 427 2613; x_wconf 84' lang='lat' dir='ltr'><strong>reprehendit,</strong></span> <span class='ocrx_word' id='word_1_199' title='bbox 448 2525 535 2589; x_wconf 90' lang='lat' dir='ltr'><strong>simul</strong></span> <span class='ocrx_word' id='word_1_200' title='bbox 555 2531 652 2589; x_wconf 92' lang='lat' dir='ltr'><strong>tamen</strong></span> <span class='ocrx_word' id='word_1_201' title='bbox 673 2532 755 2589; x_wconf 87' lang='lat' dir='ltr'><strong>notat</strong></span> <span class='ocrx_word' id='word_1_202' title='bbox 776 2526 922 2607; x_wconf 85' lang='lat' dir='ltr'><strong>Dioclem,</strong></span> <span class='ocrx_word' id='word_1_203' title='bbox 944 2528 993 2613; x_wconf 91' lang='lat' dir='ltr'><strong>qui</strong></span> <span class='ocrx_word' id='word_1_204' title='bbox 1013 2528 1093 2594; x_wconf 90' lang='lat' dir='ltr'><strong>illius</strong></span> <span class='ocrx_word' id='word_1_205' title='bbox 1114 2530 1229 2596; x_wconf 89' lang='lat' dir='ltr'><strong>inventi</strong></span> 
     </span>
     <span class='ocr_line' id='line_1_28' title="bbox 63 2608 1301 2700; baseline 0.008 -28"><span class='ocrx_word' id='word_1_206' title='bbox 63 2616 164 2672; x_wconf 91' lang='lat' dir='ltr'><strong>auctor</strong></span> <span class='ocrx_word' id='word_1_207' title='bbox 185 2618 259 2690; x_wconf 92' lang='lat' dir='ltr'><strong>erat,</strong></span> <span class='ocrx_word' id='word_1_208' title='bbox 281 2610 356 2695; x_wconf 89' lang='lat' dir='ltr'><strong>quod</strong></span> <span class='ocrx_word' id='word_1_209' title='bbox 378 2610 472 2674; x_wconf 92' lang='lat' dir='ltr'><strong>solum</strong></span> <span class='ocrx_word' id='word_1_210' title='bbox 486 2608 792 2697; x_wconf 86' lang='lat' dir='ltr'><strong>EuripideacMusae</strong></span> <span class='ocrx_word' id='word_1_211' title='bbox 805 2613 963 2676; x_wconf 83' lang='lat' dir='ltr'><strong>convenire</strong></span> <span class='ocrx_word' id='word_1_212' title='bbox 985 2615 1097 2700; x_wconf 80' lang='lat' dir='ltr'><strong>arguit:</strong></span> <span class='ocrx_word' id='word_1_213' title='bbox 1119 2613 1228 2683; x_wconf 87' lang='lat' dir='ltr'><strong>Suidas</strong></span> <span class='ocrx_word' id='word_1_214' title='bbox 1299 2646 1301 2648; x_wconf 59' lang='grc'>’</span> 
     </span>
     <span class='ocr_line' id='line_1_29' title="bbox 63 2693 1228 2784; baseline 0.008 -28"><span class='ocrx_word' id='word_1_215' title='bbox 63 2694 190 2758; x_wconf 88' lang='lat' dir='ltr'><strong>enimv.</strong></span> <span class='ocrx_word' id='word_1_216' title='bbox 212 2695 347 2775; x_wconf 81' lang='grc' dir='ltr'><strong><em>Διοκλῆς</em></strong></span> <span class='ocrx_word' id='word_1_217' title='bbox 369 2693 409 2759; x_wconf 90' lang='grc' dir='ltr'><strong>Τ.</strong></span> <span class='ocrx_word' id='word_1_218' title='bbox 430 2694 454 2759; x_wconf 92' lang='grc' dir='ltr'><strong>Ι.</strong></span> <span class='ocrx_word' id='word_1_219' title='bbox 476 2717 505 2783; x_wconf 87' lang='lat' dir='ltr'><strong>p.</strong></span> <span class='ocrx_word' id='word_1_220' title='bbox 525 2696 589 2762; x_wconf 82' lang='grc'><strong>595</strong></span> <span class='ocrx_word' id='word_1_221' title='bbox 611 2695 699 2759; x_wconf 89' lang='lat' dir='ltr'><strong>dicit:</strong></span> <span class='ocrx_word' id='word_1_222' title='bbox 743 2699 864 2759; x_wconf 81' lang='grc' dir='ltr'><strong><em>Τοῦτον</em></strong></span> <span class='ocrx_word' id='word_1_223' title='bbox 884 2697 922 2760; x_wconf 83' lang='grc' dir='ltr'><strong><em>δέ</em></strong></span> <span class='ocrx_word' id='word_1_224' title='bbox 945 2721 1040 2782; x_wconf 81' lang='grc' dir='ltr'><strong><em>φασιν</em></strong></span> <span class='ocrx_word' id='word_1_225' title='bbox 1061 2695 1228 2784; x_wconf 69' lang='lat' dir='ltr'><strong>adpetendi</strong></span> 
     </span>
     <span class='ocr_line' id='line_1_30' title="bbox 61 2777 1229 2869; baseline 0.008 -28"><span class='ocrx_word' id='word_1_226' title='bbox 61 2777 117 2860; x_wconf 74' lang='grc' dir='ltr'><strong><em>την</em></strong></span> <span class='ocrx_word' id='word_1_227' title='bbox 138 2779 170 2841; x_wconf 77' lang='grc' dir='ltr'><strong>ἓν</strong></span> <span class='ocrx_word' id='word_1_228' title='bbox 191 2777 372 2863; x_wconf 82' lang='grc' dir='ltr'><strong><em>ὐξυβαφίοις</em></strong></span> <span class='ocrx_word' id='word_1_229' title='bbox 398 2777 547 2862; x_wconf 75' lang='grc' dir='ltr'><strong><em>ἁρμονίαν</em></strong></span> <span class='ocrx_word' id='word_1_230' title='bbox 567 2782 599 2844; x_wconf 79' lang='grc' dir='ltr'><strong>έν</strong></span> <span class='ocrx_word' id='word_1_231' title='bbox 620 2777 809 2865; x_wconf 84' lang='grc' dir='ltr'><strong><em>ὀστρακίνοις</em></strong></span> <span class='ocrx_word' id='word_1_232' title='bbox 836 2778 977 2864; x_wconf 84' lang='grc' dir='ltr'><strong><em>ἀγγείοις,</em></strong></span> <span class='ocrx_word' id='word_1_233' title='bbox 1009 2779 1084 2867; x_wconf 77' lang='grc' dir='ltr'><strong><em>ἅπερ</em></strong></span> <span class='ocrx_word' id='word_1_234' title='bbox 1107 2782 1229 2869; x_wconf 73' lang='grc' dir='ltr'><strong><em>ἴκρουεν</em></strong></span> 
     </span>
     <span class='ocr_line' id='line_1_31' title="bbox 62 2862 1227 2962; baseline 0.007 -36"><span class='ocrx_word' id='word_1_235' title='bbox 62 2864 94 2926; x_wconf 73' lang='grc' dir='ltr'><strong>ἐν</strong></span> <span class='ocrx_word' id='word_1_236' title='bbox 122 2862 312 2962; x_wconf 73' lang='lat' dir='ltr'><strong>(praepositio</strong></span> <span class='ocrx_word' id='word_1_237' title='bbox 339 2864 464 2929; x_wconf 87' lang='lat' dir='ltr'><strong>delenda</strong></span> <span class='ocrx_word' id='word_1_238' title='bbox 493 2867 551 2949; x_wconf 81' lang='lat' dir='ltr'><strong>est)</strong></span> <span class='ocrx_word' id='word_1_239' title='bbox 579 2867 727 2951; x_wconf 79' lang='grc' dir='ltr'><strong><em>ξυληφίιρ.</em></strong></span> <span class='ocrx_word' id='word_1_240' title='bbox 770 2865 819 2928; x_wconf 87' lang='lat' dir='ltr'><strong>Dc</strong></span> <span class='ocrx_word' id='word_1_241' title='bbox 849 2865 902 2929; x_wconf 86' lang='lat' dir='ltr'><strong>illa</strong></span> <span class='ocrx_word' id='word_1_242' title='bbox 928 2867 1082 2931; x_wconf 87' lang='lat' dir='ltr'><strong>harmonia</strong></span> <span class='ocrx_word' id='word_1_243' title='bbox 1108 2869 1227 2934; x_wconf 91' lang='lat' dir='ltr'><strong>Aristo·</strong></span> 
     </span>
     <span class='ocr_line' id='line_1_32' title="bbox 61 2946 1228 3038; baseline 0.008 -28"><span class='ocrx_word' id='word_1_244' title='bbox 61 2948 166 3035; x_wconf 91' lang='lat' dir='ltr'><strong>phams</strong></span> <span class='ocrx_word' id='word_1_245' title='bbox 189 2948 356 3012; x_wconf 83' lang='lat' dir='ltr'><strong>Scholiasta</strong></span> <span class='ocrx_word' id='word_1_246' title='bbox 377 2950 450 3013; x_wconf 86' lang='lat' dir='ltr'><strong>haec</strong></span> <span class='ocrx_word' id='word_1_247' title='bbox 472 2950 557 3015; x_wconf 86' lang='lat' dir='ltr'><strong>dicit:</strong></span> <span class='ocrx_word' id='word_1_248' title='bbox 585 2949 713 3038; x_wconf 81' lang='grc' dir='ltr'><strong><em>Ἀπορίρι</em></strong></span> <span class='ocrx_word' id='word_1_249' title='bbox 733 2946 828 3031; x_wconf 89' lang='grc' dir='ltr'><strong><em>λύρας</em></strong></span> <span class='ocrx_word' id='word_1_250' title='bbox 849 2950 926 3026; x_wconf 73' lang='grc' dir='ltr'><strong><em>τινὲς</em></strong></span> <span class='ocrx_word' id='word_1_251' title='bbox 946 2950 1083 3034; x_wconf 74' lang='grc' dir='ltr'><strong><em>ὄστρακα</em></strong></span> <span class='ocrx_word' id='word_1_252' title='bbox 1103 2952 1228 3036; x_wconf 76' lang='grc' dir='ltr'><strong><em>λαμβά-</em></strong></span> 
     </span>
     <span class='ocr_line' id='line_1_33' title="bbox 61 3024 1227 3116; baseline 0.009 -22"><span class='ocrx_word' id='word_1_253' title='bbox 61 3057 175 3109; x_wconf 84' lang='grc' dir='ltr'><strong><em>νοντες,</em></strong></span> <span class='ocrx_word' id='word_1_254' title='bbox 209 3024 283 3113; x_wconf 75' lang='grc' dir='ltr'><strong><em>ἦχον</em></strong></span> <span class='ocrx_word' id='word_1_255' title='bbox 308 3033 365 3114; x_wconf 70' lang='grc' dir='ltr'><strong>μὲν</strong></span> <span class='ocrx_word' id='word_1_256' title='bbox 390 3034 569 3111; x_wconf 81' lang='grc' dir='ltr'><strong><em>α’πετέλουν,</em></strong></span> <span class='ocrx_word' id='word_1_257' title='bbox 600 3031 679 3098; x_wconf 80' lang='grc' dir='ltr'><strong><em>πάνυ</em></strong></span> <span class='ocrx_word' id='word_1_258' title='bbox 709 3034 742 3097; x_wconf 77' lang='grc' dir='ltr'><strong><em>δὲ</em></strong></span> <span class='ocrx_word' id='word_1_259' title='bbox 770 3033 906 3116; x_wconf 78' lang='grc' dir='ltr'><strong><em>ἄσημον·</em></strong></span> <span class='ocrx_word' id='word_1_260' title='bbox 935 3034 1091 3116; x_wconf 69' lang='grc' dir='ltr'><strong><em>διαβάλλει</em></strong></span> <span class='ocrx_word' id='word_1_261' title='bbox 1119 3039 1152 3102; x_wconf 79' lang='grc' dir='ltr'><strong><em>δὲ</em></strong></span> <span class='ocrx_word' id='word_1_262' title='bbox 1179 3042 1227 3105; x_wconf 78' lang='grc' dir='ltr'><strong>έν-</strong></span> 
     </span>
     <span class='ocr_line' id='line_1_34' title="bbox 60 3115 1230 3207; baseline 0.007 -28"><span class='ocrx_word' id='word_1_263' title='bbox 60 3121 171 3180; x_wconf 66' lang='lat' dir='ltr'><strong>vetare</strong></span> <span class='ocrx_word' id='word_1_264' title='bbox 196 3117 365 3202; x_wconf 77' lang='grc' dir='ltr'><strong><em>Εὐριπίδην</em></strong></span> <span class='ocrx_word' id='word_1_265' title='bbox 397 3116 439 3194; x_wconf 87' lang='grc' dir='ltr'><strong><em>ῶς</em></strong></span> <span class='ocrx_word' id='word_1_266' title='bbox 472 3119 564 3183; x_wconf 86' lang='grc' dir='ltr'><strong><em>κακὸν</em></strong></span> <span class='ocrx_word' id='word_1_267' title='bbox 593 3115 765 3199; x_wconf 86' lang='grc' dir='ltr'><strong><em>μελοποιόν.</em></strong></span> <span class='ocrx_word' id='word_1_268' title='bbox 806 3118 936 3195; x_wconf 77' lang='grc' dir='ltr'><strong><em>Ἄλλως·</em></strong></span> <span class='ocrx_word' id='word_1_269' title='bbox 964 3119 1032 3184; x_wconf 82' lang='lat' dir='ltr'><em>‘&#39;Ou</em></span> <span class='ocrx_word' id='word_1_270' title='bbox 1065 3123 1230 3207; x_wconf 79' lang='grc' dir='ltr'><strong><em>φαίνονταί</em></strong></span> 
     </span>
     <span class='ocr_line' id='line_1_35' title="bbox 60 3200 1228 3295; baseline 0.009 -32"><span class='ocrx_word' id='word_1_271' title='bbox 60 3226 137 3276; x_wconf 83' lang='grc' dir='ltr'><strong><em>τινες</em></strong></span> <span class='ocrx_word' id='word_1_272' title='bbox 158 3200 296 3287; x_wconf 80' lang='grc' dir='ltr'><strong><em>ἀγοραῖοι</em></strong></span> <span class='ocrx_word' id='word_1_273' title='bbox 324 3200 483 3287; x_wconf 76' lang='grc' dir='ltr'><strong><em>κρούοντες</em></strong></span> <span class='ocrx_word' id='word_1_274' title='bbox 508 3212 571 3280; x_wconf 83' lang='grc' dir='ltr'><strong><em>τοῖς</em></strong></span> <span class='ocrx_word' id='word_1_275' title='bbox 593 3201 824 3288; x_wconf 71' lang='grc' dir='ltr'><strong><em>ὀστράκοιςιιλοὶ</em></strong></span> <span class='ocrx_word' id='word_1_276' title='bbox 845 3200 1049 3294; x_wconf 77' lang='grc' dir='ltr'><strong><em>προσᾴδοντες</em></strong></span> <span class='ocrx_word' id='word_1_277' title='bbox 1068 3212 1112 3271; x_wconf 82' lang='grc' dir='ltr'><strong><em>τῶ</em></strong></span> <span class='ocrx_word' id='word_1_278' title='bbox 1135 3205 1228 3295; x_wconf 86' lang='grc' dir='ltr'><strong><em>κρού-</em></strong></span> 
     </span>
     <span class='ocr_line' id='line_1_36' title="bbox 60 3285 1226 3373; baseline 0.009 -26"><span class='ocrx_word' id='word_1_279' title='bbox 60 3310 134 3365; x_wconf 84' lang='grc' dir='ltr'><strong><em>ματι</em></strong></span> <span class='ocrx_word' id='word_1_280' title='bbox 156 3291 199 3371; x_wconf 78' lang='grc' dir='ltr'><strong><em>τῷ</em></strong></span> <span class='ocrx_word' id='word_1_281' title='bbox 222 3287 271 3349; x_wconf 83' lang='grc' dir='ltr'><strong>διὰ</strong></span> <span class='ocrx_word' id='word_1_282' title='bbox 292 3285 423 3352; x_wconf 85' lang='grc' dir='ltr'><strong><em>τούταιν·</em></strong></span> <span class='ocrx_word' id='word_1_283' title='bbox 445 3288 558 3373; x_wconf 85' lang='grc' dir='ltr'><strong><em>λέγεται</em></strong></span> <span class='ocrx_word' id='word_1_284' title='bbox 580 3289 613 3352; x_wconf 76' lang='grc' dir='ltr'><strong><em>δὲ</em></strong></span> <span class='ocrx_word' id='word_1_285' title='bbox 634 3291 676 3364; x_wconf 77' lang='grc' dir='ltr'><strong><em>εἰς</em></strong></span> <span class='ocrx_word' id='word_1_286' title='bbox 695 3285 938 3371; x_wconf 60' lang='lat' dir='ltr'><strong>epithemium</strong></span> <span class='ocrx_word' id='word_1_287' title='bbox 958 3295 1065 3366; x_wconf 79' lang='grc' dir='ltr'><strong><em>ταῦτα,</em></strong></span> <span class='ocrx_word' id='word_1_288' title='bbox 1100 3291 1106 3315; x_wconf 75' lang='grc'><em>“</em></span> <span class='ocrx_word' id='word_1_289' title='bbox 1130 3291 1226 3358; x_wconf 77' lang='grc' dir='ltr'><strong><em>καδό-</em></strong></span> 
     </span>
     <span class='ocr_line' id='line_1_37' title="bbox 61 3369 1224 3463; baseline 0.009 -30"><span class='ocrx_word' id='word_1_290' title='bbox 61 3375 116 3434; x_wconf 90' lang='grc' dir='ltr'><strong><em>λου</em></strong></span> <span class='ocrx_word' id='word_1_291' title='bbox 145 3370 200 3452; x_wconf 81' lang='grc' dir='ltr'><strong><em>τὴν</em></strong></span> <span class='ocrx_word' id='word_1_292' title='bbox 228 3378 350 3452; x_wconf 85' lang='grc' dir='ltr'><strong><em>μοῦσαν</em></strong></span> <span class='ocrx_word' id='word_1_293' title='bbox 378 3371 489 3436; x_wconf 82' lang='grc' dir='ltr'><strong><em>αὐτοῦ·</em></strong></span> <span class='ocrx_word' id='word_1_294' title='bbox 521 3374 645 3458; x_wconf 76' lang='grc' dir='ltr'><strong><em>ἐπιλέγει</em></strong></span> <span class='ocrx_word' id='word_1_295' title='bbox 675 3369 747 3458; x_wconf 79' lang='grc' dir='ltr'><strong><em>γάρ,</em></strong></span> <span class='ocrx_word' id='word_1_296' title='bbox 781 3376 871 3459; x_wconf 78' lang='grc' dir='ltr'><strong><em>δεῦρο</em></strong></span> <span class='ocrx_word' id='word_1_297' title='bbox 899 3377 1017 3440; x_wconf 79' lang='grc' dir='ltr'><strong><em>Μοῦσα</em></strong></span> <span class='ocrx_word' id='word_1_298' title='bbox 1045 3375 1224 3463; x_wconf 74' lang='grc' dir='ltr'><strong><em>Εὐριπίδου.</em></strong></span> 
     </span>
     <span class='ocr_line' id='line_1_38' title="bbox 60 3456 1224 3544; baseline 0.008 -26"><span class='ocrx_word' id='word_1_299' title='bbox 60 3456 197 3534; x_wconf 82' lang='grc' dir='ltr'><strong><em>Δίδυμος</em></strong></span> <span class='ocrx_word' id='word_1_300' title='bbox 223 3457 256 3519; x_wconf 78' lang='grc' dir='ltr'><strong><em>δὲ</em></strong></span> <span class='ocrx_word' id='word_1_301' title='bbox 282 3459 500 3542; x_wconf 74' lang='grc' dir='ltr'><strong><em>προστίθησιν,</em></strong></span> <span class='ocrx_word' id='word_1_302' title='bbox 544 3457 590 3522; x_wconf 83' lang='grc' dir='ltr'><strong>ὅτι</strong></span> <span class='ocrx_word' id='word_1_303' title='bbox 612 3456 758 3524; x_wconf 74' lang='grc' dir='ltr'><strong><em>είῶδασιν</em></strong></span> <span class='ocrx_word' id='word_1_304' title='bbox 778 3458 845 3522; x_wconf 80' lang='grc' dir='ltr'><strong><em>ἀντὶ</em></strong></span> <span class='ocrx_word' id='word_1_305' title='bbox 876 3456 971 3544; x_wconf 85' lang='grc' dir='ltr'><strong><em>λύρας</em></strong></span> <span class='ocrx_word' id='word_1_306' title='bbox 997 3458 1142 3542; x_wconf 86' lang='grc' dir='ltr'><strong><em>κογχύλια</em></strong></span> <span class='ocrx_word' id='word_1_307' title='bbox 1172 3465 1224 3527; x_wconf 83' lang='grc' dir='ltr'><strong>καί</strong></span> 
     </span>
     <span class='ocr_line' id='line_1_39' title="bbox 61 3536 1224 3630; baseline 0.009 -29"><span class='ocrx_word' id='word_1_308' title='bbox 61 3539 208 3622; x_wconf 81' lang='grc' dir='ltr'><strong><em>ὐστρύκια</em></strong></span> <span class='ocrx_word' id='word_1_309' title='bbox 229 3540 389 3624; x_wconf 82' lang='grc' dir='ltr'><strong><em>κρούοντες</em></strong></span> <span class='ocrx_word' id='word_1_310' title='bbox 410 3541 567 3628; x_wconf 76' lang='grc' dir='ltr'><strong><em>εὐρυδμόν</em></strong></span> <span class='ocrx_word' id='word_1_311' title='bbox 587 3569 655 3607; x_wconf 88' lang='grc' dir='ltr'><strong><em>τινα</em></strong></span> <span class='ocrx_word' id='word_1_312' title='bbox 676 3536 751 3626; x_wconf 75' lang='grc' dir='ltr'><strong><em>ὐγχον</em></strong></span> <span class='ocrx_word' id='word_1_313' title='bbox 760 3542 914 3608; x_wconf 80' lang='grc' dir='ltr'><strong><em>ἀποτελεῖν</em></strong></span> <span class='ocrx_word' id='word_1_314' title='bbox 933 3554 999 3618; x_wconf 80' lang='grc' dir='ltr'><strong><em>τοῖς</em></strong></span> <span class='ocrx_word' id='word_1_315' title='bbox 1020 3543 1224 3630; x_wconf 80' lang='grc' dir='ltr'><strong><em>ὀρχουμένοις.</em></strong></span> 
     </span>
     <span class='ocr_line' id='line_1_40' title="bbox 60 3618 1225 3714; baseline 0.009 -26"><span class='ocrx_word' id='word_1_316' title='bbox 60 3626 109 3688; x_wconf 89' lang='lat' dir='ltr'><strong>uhi</strong></span> <span class='ocrx_word' id='word_1_317' title='bbox 132 3625 376 3707; x_wconf 75' lang='grc' dir='ltr'><strong><em>έρρυθμόντινα</em></strong></span> <span class='ocrx_word' id='word_1_318' title='bbox 402 3618 477 3710; x_wconf 77' lang='grc' dir='ltr'><strong><em>ὐγχον</em></strong></span> <span class='ocrx_word' id='word_1_319' title='bbox 503 3629 661 3714; x_wconf 83' lang='lat' dir='ltr'><strong>legendum</strong></span> <span class='ocrx_word' id='word_1_320' title='bbox 682 3637 743 3709; x_wconf 84' lang='lat' dir='ltr'><strong>est3</strong></span> <span class='ocrx_word' id='word_1_321' title='bbox 775 3631 928 3694; x_wconf 80' lang='lat' dir='ltr'><strong>confirmat</strong></span> <span class='ocrx_word' id='word_1_322' title='bbox 948 3629 1120 3696; x_wconf 78' lang='lat' dir='ltr'><strong>Athenaeus</strong></span> <span class='ocrx_word' id='word_1_323' title='bbox 1140 3631 1225 3702; x_wconf 75' lang='lat' dir='ltr'><strong>XIV.</strong></span> 
     </span>
     <span class='ocr_line' id='line_1_41' title="bbox 59 3711 1224 3802; baseline 0.006 -28"><span class='ocrx_word' id='word_1_324' title='bbox 59 3731 87 3797; x_wconf 90' lang='lat' dir='ltr'><strong>p.</strong></span> <span class='ocrx_word' id='word_1_325' title='bbox 109 3711 173 3775; x_wconf 87' lang='grc'><strong>636</strong></span> <span class='ocrx_word' id='word_1_326' title='bbox 196 3712 242 3793; x_wconf 87' lang='lat' dir='ltr'><strong>D,</strong></span> <span class='ocrx_word' id='word_1_327' title='bbox 284 3714 333 3798; x_wconf 88' lang='lat' dir='ltr'><strong>qui</strong></span> <span class='ocrx_word' id='word_1_328' title='bbox 369 3720 399 3778; x_wconf 93' lang='lat' dir='ltr'><strong>et</strong></span> <span class='ocrx_word' id='word_1_329' title='bbox 426 3714 490 3802; x_wconf 88' lang='lat' dir='ltr'><strong>ipsc</strong></span> <span class='ocrx_word' id='word_1_330' title='bbox 517 3713 679 3801; x_wconf 86' lang='lat' dir='ltr'><strong>Didymon</strong></span> <span class='ocrx_word' id='word_1_331' title='bbox 709 3715 857 3802; x_wconf 83' lang='lat' dir='ltr'><strong>respexit:</strong></span> <span class='ocrx_word' id='word_1_332' title='bbox 900 3715 1041 3795; x_wconf 87' lang='grc' dir='ltr'><strong><em>Δίδυμος</em></strong></span> <span class='ocrx_word' id='word_1_333' title='bbox 1067 3715 1103 3781; x_wconf 85' lang='grc' dir='ltr'><strong><em>δί</em></strong></span> <span class='ocrx_word' id='word_1_334' title='bbox 1129 3740 1224 3801; x_wconf 82' lang='grc' dir='ltr'><strong><em>φησιν</em></strong></span> 
     </span>
    </p>
   </div>
   <div class='ocr_carea' id='block_1_4' title="bbox 57 3894 1224 4385">
    <p class='ocr_par' dir='ltr' id='par_1_13' title="bbox 59 3894 1224 4038">
     <span class='ocr_line' id='line_1_42' title="bbox 59 3894 1224 3972; baseline 0.009 -26"><span class='ocrx_word' id='word_1_335' title='bbox 59 3894 105 3964; x_wconf 87' lang='lat' dir='ltr'><strong>qni</strong></span> <span class='ocrx_word' id='word_1_336' title='bbox 122 3912 181 3948; x_wconf 90' lang='lat' dir='ltr'><strong>cum</strong></span> <span class='ocrx_word' id='word_1_337' title='bbox 198 3896 267 3950; x_wconf 86' lang='lat' dir='ltr'><strong>idem</strong></span> <span class='ocrx_word' id='word_1_338' title='bbox 284 3905 466 3964; x_wconf 81' lang='lat' dir='ltr'><strong>argumentum</strong></span> <span class='ocrx_word' id='word_1_339' title='bbox 483 3905 621 3966; x_wconf 86' lang='lat' dir='ltr'><strong>tractaret,</strong></span> <span class='ocrx_word' id='word_1_340' title='bbox 639 3915 656 3952; x_wconf 82' lang='lat' dir='ltr'><strong>a</strong></span> <span class='ocrx_word' id='word_1_341' title='bbox 671 3899 822 3965; x_wconf 76' lang='lat' dir='ltr'><strong>tragoediae</strong></span> <span class='ocrx_word' id='word_1_342' title='bbox 838 3899 965 3965; x_wconf 80' lang='lat' dir='ltr'><strong>dignitate</strong></span> <span class='ocrx_word' id='word_1_343' title='bbox 981 3915 1089 3969; x_wconf 84' lang='lat' dir='ltr'><strong>prorsus</strong></span> <span class='ocrx_word' id='word_1_344' title='bbox 1105 3899 1224 3972; x_wconf 80' lang='lat' dir='ltr'><strong>descivit,</strong></span> 
     </span>
     <span class='ocr_line' id='line_1_43' title="bbox 59 3964 1121 4038; baseline 0.008 -22"><span class='ocrx_word' id='word_1_345' title='bbox 59 3970 138 4033; x_wconf 88' lang='lat' dir='ltr'><strong>atque</strong></span> <span class='ocrx_word' id='word_1_346' title='bbox 154 3964 241 4032; x_wconf 88' lang='lat' dir='ltr'><strong>ipsum</strong></span> <span class='ocrx_word' id='word_1_347' title='bbox 258 3967 397 4020; x_wconf 89' lang='lat' dir='ltr'><strong>Herculem</strong></span> <span class='ocrx_word' id='word_1_348' title='bbox 413 3967 478 4020; x_wconf 87' lang='lat' dir='ltr'><strong>haec</strong></span> <span class='ocrx_word' id='word_1_349' title='bbox 494 3968 571 4021; x_wconf 87' lang='lat' dir='ltr'><strong>finxit</strong></span> <span class='ocrx_word' id='word_1_350' title='bbox 587 3967 707 4020; x_wconf 88' lang='lat' dir='ltr'><strong>confiteri</strong></span> <span class='ocrx_word' id='word_1_351' title='bbox 725 3968 867 4031; x_wconf 70' lang='lat' dir='ltr'><strong>(Stobaens</strong></span> <span class='ocrx_word' id='word_1_352' title='bbox 884 3969 979 4022; x_wconf 87' lang='lat' dir='ltr'>xv111.</span> <span class='ocrx_word' id='word_1_353' title='bbox 997 3985 1025 4036; x_wconf 88' lang='lat' dir='ltr'><strong>p.</strong></span> <span class='ocrx_word' id='word_1_354' title='bbox 1042 3967 1121 4038; x_wconf 74' lang='lat'>164)=</span> 
     </span>
    </p>

    <p class='ocr_par' dir='ltr' id='par_1_14' title="bbox 159 4027 810 4106">
     <span class='ocr_line' id='line_1_44' title="bbox 159 4027 810 4106; baseline 0.008 -25"><span class='ocrx_word' id='word_1_355' title='bbox 159 4032 222 4082; x_wconf 86' lang='grc' dir='ltr'><strong>Νῦν</strong></span> <span class='ocrx_word' id='word_1_356' title='bbox 238 4029 264 4083; x_wconf 80' lang='grc' dir='ltr'><strong><em>δ’</em></strong></span> <span class='ocrx_word' id='word_1_357' title='bbox 286 4027 360 4094; x_wconf 81' lang='grc' dir='ltr'><strong><em>οἶνος</em></strong></span> <span class='ocrx_word' id='word_1_358' title='bbox 376 4034 502 4100; x_wconf 57' lang='grc' dir='ltr'><strong><em>ἐξέστησε(</em></strong></span> <span class='ocrx_word' id='word_1_359' title='bbox 515 4031 567 4106; x_wconf 79' lang='grc' dir='ltr'><strong>μ’·</strong></span> <span class='ocrx_word' id='word_1_360' title='bbox 584 4029 714 4105; x_wconf 80' lang='grc' dir='ltr'><strong><em>ὁμολογῶ</em></strong></span> <span class='ocrx_word' id='word_1_361' title='bbox 730 4033 761 4086; x_wconf 80' lang='grc' dir='ltr'><strong><em>δὲ</em></strong></span> <span class='ocrx_word' id='word_1_362' title='bbox 779 4033 810 4086; x_wconf 79' lang='grc' dir='ltr'><strong>σὲ</strong></span> 
     </span>
    </p>

    <p class='ocr_par' dir='ltr' id='par_1_15' title="bbox 57 4095 1224 4385">
     <span class='ocr_line' id='line_1_45' title="bbox 156 4095 860 4174; baseline 0.007 -25"><span class='ocrx_word' id='word_1_363' title='bbox 156 4095 288 4151; x_wconf 76' lang='grc' dir='ltr'><strong><em>Ἀδίκεῖν·</em></strong></span> <span class='ocrx_word' id='word_1_364' title='bbox 305 4097 336 4157; x_wconf 86' lang='grc' dir='ltr'><strong><em>τὸ</em></strong></span> <span class='ocrx_word' id='word_1_365' title='bbox 353 4101 380 4153; x_wconf 86' lang='grc' dir='ltr'><strong><em>δ’</em></strong></span> <span class='ocrx_word' id='word_1_366' title='bbox 400 4099 513 4174; x_wconf 81' lang='grc' dir='ltr'><strong><em>ἀδίκημ’</em></strong></span> <span class='ocrx_word' id='word_1_367' title='bbox 535 4099 636 4171; x_wconf 67' lang='grc' dir='ltr'><strong><em>ἐγένετ’</em></strong></span> <span class='ocrx_word' id='word_1_368' title='bbox 657 4097 708 4168; x_wconf 83' lang='grc' dir='ltr'><strong><em>οὐχ</em></strong></span> <span class='ocrx_word' id='word_1_369' title='bbox 724 4095 860 4154; x_wconf 79' lang='grc' dir='ltr'><strong><em>ἑκούσιον.</em></strong></span> 
     </span>
     <span class='ocr_line' id='line_1_46' title="bbox 59 4166 1224 4240; baseline 0.005 -21"><span class='ocrx_word' id='word_1_370' title='bbox 59 4166 186 4220; x_wconf 85' lang='lat' dir='ltr'><strong>Carcinus</strong></span> <span class='ocrx_word' id='word_1_371' title='bbox 204 4174 291 4221; x_wconf 87' lang='lat' dir='ltr'><strong>autem</strong></span> <span class='ocrx_word' id='word_1_372' title='bbox 304 4170 449 4236; x_wconf 81' lang='lat' dir='ltr'><strong>digniorem</strong></span> <span class='ocrx_word' id='word_1_373' title='bbox 466 4171 579 4240; x_wconf 87' lang='lat' dir='ltr'><strong>aliquam</strong></span> <span class='ocrx_word' id='word_1_374' title='bbox 596 4170 724 4223; x_wconf 87' lang='lat' dir='ltr'><strong>rationem</strong></span> <span class='ocrx_word' id='word_1_375' title='bbox 741 4169 769 4222; x_wconf 87' lang='lat' dir='ltr'><strong>in</strong></span> <span class='ocrx_word' id='word_1_376' title='bbox 785 4170 832 4222; x_wconf 90' lang='lat' dir='ltr'><strong>illa</strong></span> <span class='ocrx_word' id='word_1_377' title='bbox 847 4169 937 4223; x_wconf 84' lang='lat' dir='ltr'><strong>fabula</strong></span> <span class='ocrx_word' id='word_1_378' title='bbox 952 4170 1132 4240; x_wconf 84' lang='lat' dir='ltr'><strong>componenda</strong></span> <span class='ocrx_word' id='word_1_379' title='bbox 1147 4171 1224 4225; x_wconf 73' lang='lat' dir='ltr'><strong>vide-¹</strong></span> 
     </span>
     <span class='ocr_line' id='line_1_47' title="bbox 57 4236 1222 4308; baseline 0.008 -22"><span class='ocrx_word' id='word_1_380' title='bbox 57 4240 102 4286; x_wconf 88' lang='lat' dir='ltr'><strong>tur</strong></span> <span class='ocrx_word' id='word_1_381' title='bbox 126 4243 231 4290; x_wconf 87' lang='lat' dir='ltr'><strong>secutus</strong></span> <span class='ocrx_word' id='word_1_382' title='bbox 254 4236 336 4288; x_wconf 85' lang='lat' dir='ltr'><strong>fuisse</strong></span> <span class='ocrx_word' id='word_1_383' title='bbox 362 4238 452 4308; x_wconf 77' lang='lat' dir='ltr'><strong>itaque</strong></span> <span class='ocrx_word' id='word_1_384' title='bbox 475 4240 532 4292; x_wconf 87' lang='lat' dir='ltr'><strong>iure</strong></span> <span class='ocrx_word' id='word_1_385' title='bbox 555 4240 706 4293; x_wconf 82' lang='lat' dir='ltr'><strong>adversatur</strong></span> <span class='ocrx_word' id='word_1_386' title='bbox 726 4237 856 4307; x_wconf 83' lang='lat' dir='ltr'><strong>Euripidi.</strong></span> <span class='ocrx_word' id='word_1_387' title='bbox 892 4237 960 4291; x_wconf 85' lang='lat' dir='ltr'><strong>Curn</strong></span> <span class='ocrx_word' id='word_1_388' title='bbox 983 4244 1072 4292; x_wconf 81' lang='lat' dir='ltr'><strong>tamen</strong></span> <span class='ocrx_word' id='word_1_389' title='bbox 1094 4239 1222 4295; x_wconf 79' lang='lat' dir='ltr'><strong>carcinus</strong></span> 
     </span>
     <span class='ocr_line' id='line_1_48' title="bbox 57 4303 1071 4385; baseline 0.009 -29"><span class='ocrx_word' id='word_1_390' title='bbox 57 4303 138 4356; x_wconf 85' lang='lat' dir='ltr'><strong>etiam</strong></span> <span class='ocrx_word' id='word_1_391' title='bbox 152 4306 256 4374; x_wconf 84' lang='lat' dir='ltr'><strong>Alopen</strong></span> <span class='ocrx_word' id='word_1_392' title='bbox 272 4304 421 4376; x_wconf 85' lang='lat' dir='ltr'><strong>scripserit,</strong></span> <span class='ocrx_word' id='word_1_393' title='bbox 441 4307 541 4380; x_wconf 87' lang='lat' dir='ltr'><strong>poteris</strong></span> <span class='ocrx_word' id='word_1_394' title='bbox 557 4306 693 4383; x_wconf 83' lang='lat' dir='ltr'><strong>commode</strong></span> <span class='ocrx_word' id='word_1_395' title='bbox 708 4304 758 4360; x_wconf 87' lang='lat' dir='ltr'><strong>hos</strong></span> <span class='ocrx_word' id='word_1_396' title='bbox 774 4322 867 4362; x_wconf 79' lang='lat' dir='ltr'><strong>uersus</strong></span> <span class='ocrx_word' id='word_1_397' title='bbox 882 4304 946 4385; x_wconf 85' lang='lat' dir='ltr'><strong>illuc</strong></span> <span class='ocrx_word' id='word_1_398' title='bbox 961 4305 1071 4366; x_wconf 69' lang='lat' dir='ltr'><strong>aare.</strong></span> 
     </span>
    </p>
   </div>
   <div class='ocr_carea' id='block_1_5' title="bbox 0 0 1384 4792">
    <p class='ocr_par' dir='ltr' id='par_1_16' title="bbox 0 0 1384 4792">
     <span class='ocr_line' id='line_1_49' title="bbox 0 0 1384 4792; baseline 0 3"><span class='ocrx_word' id='word_1_399' title='bbox 0 0 1384 4792; x_wconf 95' lang='lat' dir='ltr'><strong> </strong></span> 
     </span>
    </p>
   </div>
  </div>
 </body>
</html>
