2760 4792
106 223 169 288 232
483 221 888 289 COMMENTATIONES

184 385 225 454 Ὦ
245 389 368 476 μακσλρι1
390 387 580 471 Αὐτόμενες,
602 388 643 466 ὥς
664 415 698 453 σε
718 391 933 474 μακαρίζομεν,

190 479 315 549 Παῖδας
336 473 504 559 ἐφύτευσας
529 473 575 538 ὅτι
593 471 920 557 χειροτεχνικωτάτους,

189 563 309 643 Πρῶτα
329 560 385 641 μὲν
405 556 500 623 ἅπασι
523 561 612 645 φίλον
633 558 732 643 ι’ίνδρα
752 583 785 622 τε
806 555 995 644 σοφώτατον,

193 646 256 709 Τὸν
277 641 569 728 κιθαραοιδότατον,
597 634 623 730 ᾦ
641 641 733 728 χάρις
754 643 913 729 ἔφίσπετο.

106 734 126 795 i.
147 754 172 794 e.
190 731 375 817 Arignotum.
397 728 594 817 Ariphradem
617 736 712 793 autem
733 749 837 793 rursus
858 727 979 793 vexarit
998 728 1031 791 in
1051 727 1268 797 Ecclesiauusis

107 838 136 878 v.
159 815 237 895 128,
258 814 309 878 ubi
329 814 522 899 Praxagoras

185 896 224 962 ‘0
245 900 472 980 περιστίαρχος,
495 896 665 979 περιφέρειν
682 895 742 980 χρὴ
765 893 821 976 τήν
840 899 946 980 γαλήν,

192 979 313 1067 Πάριθ’
338 982 380 1058 ὡς
400 981 435 1046 ad
457 978 606 1064 aptata·
624 978 832 1064 Ἀρίφραδες,
854 986 971 1045 παῦσαι
992 983 1104 1043 λαλῶν.

105 1069 156 1131 ubi
176 1066 356 1133 Scholiasta:
374 1064 430 1142 Ὡς
450 1065 692 1148 ἀναμεμιγμένον
713 1064 836 1140 αὐτοῖς·
858 1066 1039 1149 λοιδορεῖται
1061 1065 1095 1127 δὲ
1114 1090 1138 1127 π
1158 1065 1194 1142 ὸς
1211 1066 1268 1143 τδς

64 1172 67 1177 ’
105 1161 249 1236 γυναῖκας
276 1151 401 1231 ρίσχρὸς
428 1148 470 1214 ὢν
495 1146 681 1234 κιθαρῳδός.
723 1149 787 1213 lam
812 1156 844 1213 ut
871 1150 931 1213 vita
958 1152 1112 1235 moresque
1137 1090 1267 1217 bominis

105 1246 191 1301 eraut
210 1236 416 1324 perditissimi,
442 1236 484 1298 ita
505 1236 593 1297 etiam
614 1234 715 1298 modos
737 1234 896 1314 volubiles,
918 1234 1092 1315 concitatos,
1119 1242 1204 1323 aptos
1229 1235 1268 1303 ud

106 1322 218 1384 aniruos
245 1342 335 1384 saeva
361 1319 484 1384 libidine
510 1318 698 1403 instigandos
719 1317 896 1382 carminibus
923 1318 1150 1383 accommodavit
1170 1320 1268 1407 itaque

105 1405 321 1492 Aristophanes
358 1426 423 1468 eum
456 1403 530 1468 dixit
561 1397 799 1483 Πολυμνήστεια
831 1410 941 1480 ποιεῖν,
985 1402 1143 1487 eodemque
1177 1425 1269 1471 seusu

106 1488 246 1554 Cratinus
273 1488 349 1553 dixit
369 1489 553 1572 aliumquem
563 1484 801 1569 Πολυμνήστεια
821 1485 938 1565 ἀείδειν,
959 1486 989 1551 b.
1002 1488 1171 1553 semmae
1189 1488 1270 1555 lovis

105 1580 135 1636 et
156 1572 276 1654 lasciva,
297 1593 392 1657 neque
414 1572 491 1636 euim
512 1571 804 1658 ipsiusPolymnesti
823 1571 955 1637 munina
974 1572 1170 1661 intelligenda
1189 1580 1271 1641 suns

104 1657 167 1721 lam
192 1679 264 1721 vero
290 1658 376 1721 video
403 1655 620 1720 Bernhardium
646 1657 741 1721 rhum
774 1677 933 1738 summum,
964 1657 1013 1742 qui
1044 1678 1119 1721 unus
1169 1664 1270 1725 mear

105 1749 219 1806 ceteros
240 1742 367 1806 indolem
393 1741 573 1825 antiquitatis
614 1762 663 1805 ers
684 1740 763 1821 exit,
789 1741 821 1804 in
847 1741 955 1807 eximio
982 1740 1058 1805 libro
1080 1741 1116 1806 de
1138 1678 1271 1809 draccu-

104 1848 168 1890 rum
195 1827 358 1891 litterarum
379 1825 575 1890 monumentis
629 1763 733 1914 ,lp
754 1827 818 1890 270
839 1846 920 1911 seqq.
947 1846 1060 1911 negare
1079 1825 1139 1891 Pol
1190 1828 1272 1893 nesti

104 1912 235 1976 carmina
254 1911 367 1975 lasciva
386 1912 496 1989 fuisse3
519 1918 622 1974 censet
636 1910 715 1974 enim
726 1905 961 1991 Πολυμνήστεια
973 1909 1075 1973 eodem
1090 1932 1138 1975 ruo
1158 1910 1270 1977 edictu

104 2017 188 2077 esse,
214 2017 271 2081 quo
288 1992 539 2077 Ἀνακρεόντεια,
566 2014 622 2057 nec
643 1993 723 2057 aliud
744 1994 812 2078 qnid
838 1994 909 2058 inde
930 1993 1032 2081 colligi
1051 2014 1157 2081 posse,
1182 2016 1270 2083 quant

94 2080 327 2167 ⁴Polymnestum
359 2078 461 2164 lyricis
489 2078 585 2164 magis
610 2098 697 2162 quam
729 2078 820 2165 opicis
847 2078 1024 2143 carminibus
1050 2079 1153 2145 modos
1180 2080 1268 2171 adap-

104 2166 225 2228 turisses

189 2247 237 2310 Ad
259 2246 377 2309 chorum
399 2244 562 2309 Chirouum
581 2243 769 2309 referendum
794 2253 841 2309 est
862 2246 949 2310 etiam
976 2246 1049 2312 illud
1069 2246 1267 2334 hugmenluur

104 2331 180 2415 quod
200 2330 311 2417 legitur
332 2328 407 2416 aqmd
428 2328 625 2393 Scholiastam
645 2329 781 2393 Platonis
801 2328 937 2394 Bekker.
957 2352 985 2418 p.
998 2331 1076 2396 331:
1092 2327 1267 2413 Ῥαδαμάν-

103 2422 184 2490 θυος
209 2412 314 2496 ὅρκος·
343 2404 432 2489 οὗτος
459 2410 475 2477 b
504 2412 583 2477 κατὰ
608 2413 697 2488 κυνὸς
722 2412 854 2496 ήχηνδς
873 2412 894 2495 ἢ
915 2411 1071 2479 πλατάνου
1096 2412 1117 2497 ή
1138 2412 1267 2501 spreuit

102 2525 185 2576 τινος
206 2497 299 2562 ι’ίλλου
321 2494 472 2563 τοιούτου.
512 2494 567 2574 Οἷς
587 2488 625 2579 ήν
644 2499 786 2582 μέγιστος
812 2494 902 2582 ὅρκος
932 2495 1044 2564 ἅπαντι
1070 2496 1151 2586 λόγῳ
1177 2495 1266 2579 κείων,

103 2583 205 2649 ἔπειτα
224 2582 293 2665 χήν,
317 2582 408 2658 θεοὺς
430 2582 464 2646 δὲ
484 2584 600 2666 ἐσίγων.
629 2586 784 2668 Κρατῖνος
805 2584 966 2665 Χείρωσιν.
1007 2582 1121 2649 Eadem
1141 2584 1267 2651 Pharius

102 2692 132 2758 p.
153 2668 228 2749 481,
251 2670 287 2749 l,
312 2669 362 2731 ubi
382 2667 536 2732 Porsonus
558 2668 694 2755 scripsit:
726 2666 821 2743 θεοὺς
842 2668 875 2731 δὲ
895 2692 926 2733 σι
945 2672 1000 2752 ἄν,
1021 2669 1053 2733 in
1075 2668 1175 2735 codice
1195 2690 1267 2735 vcro

104 2760 189 2828 θεοῖς
216 2753 250 2815 δὲ
276 2757 368 2835 σιγῶς
395 2752 513 2838 legitur.
557 2751 625 2816 Huc
650 2753 725 2817 adde
754 2752 838 2818 Suid.
865 2751 907 2817 T.
959 2768 973 2818 .’
994 2774 1024 2841 p.
1044 2751 1118 2819 481.
1148 2752 1193 2821 T.
1212 2754 1267 2821 ΠΙ.

104 2862 132 2927 p.
155 2837 229 2903 249.
261 2837 456 2901 Scribendum
478 2837 608 2900 videtur:

565 2915 653 2985 Οἷσιν
672 2912 711 2999 ἦν
730 2919 871 3004 με’γιστος

181 3002 294 3091 Ὅρκος
314 3002 425 3067 ἅπαντι
446 3002 526 3087 λόγῳ
548 3002 643 3082 κύων,
671 3003 772 3069 ἔπειτα
790 3001 864 3087 χήν,
884 3004 980 3082 θεοδς
999 3002 1031 3069 δ’
1055 3006 1172 3090 ἐσίγων.

105 3091 217 3159 Versus
245 3097 314 3153 sunt
348 3111 386 3153 ex
408 3088 561 3239 dacglicis
588 3096 618 3153 et
646 3090 802 3154 trochaicis
829 3090 959 3155 numeris
990 3092 1157 3179 compositi:
1200 3112 1268 3157 con-

102 3184 277 3241 sentaneum
298 3174 375 3239 enim
398 3181 443 3237 est
491 3174 617 3238 ratiuum
639 3175 677 3238 ad
698 3174 825 3239 doricam
846 3174 1039 3256 harmoniam,
1061 3197 1135 3261 quae
1156 3176 1269 3244 severi·

103 3263 157 3326 tati
178 3261 344 3347 argmuenti
366 3261 438 3323 satis
460 3260 674 3323 accommodata
695 3266 794 3340 esset,
821 3259 894 3324 haec
915 3259 1046 3325 carmina
1072 3260 1269 3348 adaptavissc.

103 3347 173 3412 Non
193 3354 272 3409 recte
294 3352 390 3407 zeutem
412 3343 567 3407 Hanovius
588 3366 616 3432 p.
627 3345 670 3408 59
690 3342 840 3407 existimat
860 3343 908 3407 bic
929 3365 947 3407 a
964 3341 1086 3408 Cratino
1101 3342 1270 3415 Somauoos

103 3431 292 3518 philosophos
314 3430 475 3511 castiqatos
497 3449 582 3491 esse:
604 3449 706 3491 verum
729 3449 763 3492 eo
785 3434 930 3516 tempore,
953 3449 1008 3513 quo
1030 3427 1172 3495 Cratinus
1192 3430 1271 3497 hanc

104 3516 232 3578 t'abulam
254 3514 364 3587 docuit,
388 3496 526 3576 Socrates
548 3512 675 3576 nondum
697 3512 802 3600 opinor
822 3512 976 3593 inclaruit,
997 3514 1050 3578 sed
1072 3514 1271 3601 sophistarum

103 3600 167 3687 ipse
193 3599 250 3662 luit
277 3598 521 3683 diligentissimus
549 3597 679 3660 auditor:
731 3609 814 3661 ostea
840 3596 954 3662 demum
981 3620 1081 3663 eorum
1108 3598 1271 3663 acerrimus

104 3683 218 3747 exstitit
238 3683 442 3762 adversarius,
470 3681 635 3766 studuitque
655 3618 869 3769 philbsopbium
890 3681 927 3746 ad
958 3681 1051 3770 ipsam
1073 3683 1161 3747 vitam
1183 3704 1271 3749 roro-

104 3790 181 3832 eare.
225 3766 352 3831 tlmniuo
374 3773 469 3830 alutem
491 3787 551 3830 non
572 3772 697 3854 possunt
720 3766 792 3829 baec
814 3767 905 3830 verba
926 3767 963 3830 de
984 3766 1155 3854 aequalibus
1174 3768 1271 3857 philo·

105 3854 205 3939 sophis
234 3874 252 3913 a
279 3849 402 3916 Cratino
430 3851 507 3914 dicta
533 3873 617 3933 esse,
659 3857 719 3914 tum
747 3850 826 3914 enim
857 3858 937 3915 certe
963 3852 1026 3916 ἐστὶ
1051 3873 1105 3939 pro
1131 3846 1169 3935 ἦν
1190 3862 1272 3919 esset

104 3936 299 4002 scribendum.
343 3934 456 4003 Verum
477 3934 618 4000 Cratinus
639 3942 672 3998 ut
693 3935 875 4015 ostenderet,
904 3944 1011 4021 quauta
1030 3958 1143 4001 morum
1165 3936 1271 4025 depra-

104 4023 183 4087 vatio
206 4032 286 4084 esset
306 4019 451 4101 Athenis,
473 4021 514 4085 ita
534 4021 676 4102 instituit,
698 4026 731 4085 ut
750 4020 857 4084 chorus
876 4018 1038 4086 Chironem
1060 4022 1177 4109 pristini
1198 4028 1271 4087 lem·

105 4107 185 4194 poris
212 4120 241 4168 et
269 4105 436 4169 felicitatem
464 4113 494 4169 et
523 4106 843 4206 probitatem'summis
870 4104 993 4171 efferret
1019 4105 1165 4173 laudibus.
1207 4106 1270 4173 lam

105 4215 169 4257 eum
184 4190 401 4272 Athenienses,
423 4212 496 4276 quae
517 4192 574 4257 tuit
594 4211 694 4256 eorum
717 4188 836 4271 levitas,
857 4196 915 4253 ίαιυ
937 4190 1107 4275 [requenter
1126 4192 1271 4273 iurarent,

106 4288 137 4340 ut
157 4277 244 4342 tertio
266 4296 378 4362 quoque
399 4276 490 4340 verbo
513 4276 584 4342 deos
605 4282 697 4341 testes
718 4272 910 4355 invocarent,
933 4284 963 4339 et
983 4277 1020 4340 ob
1042 4274 1073 4340 id
1093 4275 1188 4365 ipsum
1204 4278 1271 4345 lus·
