2760 4792
147 205 191 275 ⁷4
371 264 374 269 .
531 208 935 281 COMMENTATIONES

146 378 253 445 liarum
266 384 348 445 unu
359 377 429 461 tide,
445 381 621 462 constantia,
636 381 763 468 pietate,
776 402 812 445 sc
825 381 853 445 si
865 382 902 445 ah
912 381 987 471 ipsis
999 379 1056 445 diis
1068 387 1170 447 essent
1190 382 1318 471 preditis

146 464 241 529 sacris
251 470 347 530 autem
358 469 526 554 praeerant,
541 466 590 551 qui
600 466 648 530 ius
659 466 822 531 hereditate
833 474 981 555 acceptum
989 466 1147 531 tumbantur
1158 468 1268 532 virtute
1289 474 1320 533 et

145 549 301 638 probitate.
326 546 438 619 Verum
451 548 501 612 ubi
512 550 680 638 respublica
688 550 918 615 Atheniensium
929 558 1071 616 auctaest
1078 553 1195 641 opibus,
1205 552 1318 619 abires

145 634 262 700 navalis
284 640 349 698 erat
367 632 595 718 florentissima,
628 635 670 700 ibi
690 656 763 701 vero
784 636 964 724 gravissima
984 635 1063 701 mula
1080 637 1256 709 haeserunt
1271 638 1318 703 si·

131 719 280 785 vitam:
311 718 494 783 incredihihs
515 720 595 786 enim
614 721 777 809 navigandi
799 727 829 785 et
848 721 999 786 mercandi
1018 722 1161 809 cupiditas
1187 721 1318 789 omniun

144 810 339 892 occupaverat
355 803 486 886 animos,
506 811 539 869 ut
557 806 672 893 agresti
689 806 768 870 cultu
788 805 946 955 laboreqpe
965 806 1076 871 omisso
1095 806 1240 872 latissime
1261 828 1317 877 cxv

143 888 702 979 currerentatquecircumvagarentur.
743 890 813 956 Non
828 891 888 955 iam
924 898 1028 956 aereut
1045 891 1080 955 in
1099 892 1220 957 sedibus
1235 892 1317 973 suis,

143 972 197 1039 sed
219 994 336 1062 semper
361 973 498 1038 feruntur
523 974 574 1039 lon
599 977 645 1040 ‘us
665 997 685 1040 a
705 976 790 1040 domo
815 981 904 1061 etque
930 976 1018 1043 otiam
1040 997 1169 1062 quornm
1193 984 1318 1041 munem

144 1078 287 1146 corpora,
321 1059 413 1123 animi
438 1066 537 1123 tantan
597 1061 660 1125 acri
685 1061 865 1148 cogitatione
891 1067 977 1146 atque
1003 1082 1106 1126 errore
1127 1061 1243 1149 abrepti
1264 1082 1315 1127 rm

144 1151 254 1229 gantur
265 1149 351 1227 atque
367 1142 558 1231 dissipantur.
600 1144 703 1231 ltaque
718 1147 832 1233 patriae
842 1165 955 1230 quoque
966 1145 1047 1211 illius
1059 1146 1236 1231 manuque
1243 1167 1316 1211 mru-

142 1227 307 1293 suetudinis
341 1248 424 1291 amor
455 1228 642 1293 imminutus:
685 1250 783 1297 moros
810 1235 842 1294 ct
866 1229 1041 1319 disciplinae
1066 1252 1165 1295 norae
1188 1230 1315 1317 ποίη

142 1313 254 1377 utrix
279 1311 434 1398 quidquam
464 1313 614 1414 integrum
640 1321 726 1400 atque
752 1317 951 1405 incorruptum
977 1316 1010 1378 in
1034 1317 1140 1405 patriis
1167 1314 1315 1389 inuitatis

142 1403 284 1463 maneret
325 1395 362 1459 ln
392 1398 562 1463 severitatis
588 1400 682 1485 igitur
710 1400 805 1464 locum
831 1400 977 1464 successit
1006 1421 1121 1464 summa
1147 1400 1255 1465 levitas
1281 1406 1316 1465 nt

141 1482 273 1548 novandi
298 1480 441 1547 studium:
477 1485 643 1570 corruptela
669 1490 766 1549 autem
787 1505 943 1569 rerumque
971 1485 1100 1549 omnium
1127 1484 1313 1555 eommutalis

160 1569 266 1631 fimum
293 1567 324 1630 in
346 1567 436 1631 rebus
456 1569 582 1655 publicis
602 1578 723 1633 versata
743 1576 801 1633 est:
835 1568 987 1634 multitudo
1011 1569 1092 1633 enim
1112 1569 1172 1631 iam
1192 1569 1315 1635 unless

140 1587 263 1717 delectis
284 1658 315 1716 et
339 1652 521 1753 principibus
545 1654 659 1718 civibus
680 1655 802 1739 obsequi
827 1660 859 1719 et
878 1676 933 1718 sua
953 1653 1010 1721 sibi
1031 1652 1218 1745 efflagitabat
1236 1653 1313 1719 inre.

139 1734 204 1802 lam
225 1737 406 1825 optimatium
432 1738 556 1828 rmperio
583 1738 751 1818 imminuto,
784 1760 850 1803 cum
876 1738 1028 1803 multitudo
1057 1749 1139 1803 essa
1165 1737 1313 1827 particeps

20 1849 24 1857 ·
137 1822 304 1904 libertatis,
324 1822 465 1924 populare
486 1824 639 1912 imperinm
660 1824 797 1888 celeriter
816 1825 849 1887 in
869 1845 1010 1889 summam
1030 1823 1180 1887 licentiam
1189 1842 1313 1889 conrar-

139 1909 188 1974 tit:
230 1907 310 1998 epuli
331 1909 413 1972 scutis
436 1915 522 1994 atque
542 1908 670 1973 decretis
689 1909 858 1995 agebantur
875 1909 991 1988 omnia3
1014 1929 1070 1972 nec
1083 1907 1214 1973 distincti
1226 1913 1313 1973 emat

141 1930 254 2082 gradlrs
275 1993 449 2081 dignitatis,
486 1993 540 2059 sed
560 1994 670 2057 turbati
695 2002 782 2077 atque
803 1994 957 2079 permixti,
987 2000 1022 2056 ut
1049 1992 1219 2082 respublica
1248 2012 1312 2073 nup

140 2102 226 2145 suum
252 2084 360 2143 statum
386 2085 520 2157 teneret,
561 2078 616 2141 sed
643 2077 768 2167 proclivi
795 2096 884 2140 cursu
912 2077 950 2141 ad
970 2076 1130 2164 perniciem
1148 2077 1311 2151 labereta.

139 2164 224 2229 Illius
247 2170 343 2227 autem
364 2161 547 2249 curruptelae
574 2182 629 2224 neu
650 2183 699 2225 res
726 2160 845 2224 divinae
867 2168 953 2224 erant
973 2170 1129 2248 expertes,
1243 2162 1252 2177 “

139 2249 210 2314 inde
237 2247 273 2311 ab
296 2267 333 2310 eo
353 2252 484 2334 tempore
505 2265 562 2330 qno
583 2243 755 2310 Clisthenes
776 2243 971 2309 conditionem
992 2245 1171 2334 reipubhcae
1187 2254 1310 2335 penitus

138 2332 316 2400 immutavit:
359 2337 474 2394 auctum
496 2350 568 2393 vero
588 2336 636 2393 est
661 2328 768 2393 malum
794 2328 912 2393 sublata
931 2329 1087 2417 Areopagi
1118 2330 1309 2397 temeritates

138 2439 209 2483 nam
230 2438 294 2482 cum
315 2415 485 2480 incivitate
505 2413 890 2495 omniafierentarbitrio,
923 2435 989 2477 cum
1012 2436 1062 2479 res
1083 2415 1202 2480 diuinae
1273 2438 1310 2483 nc

140 2504 287 2567 humanae
307 2500 574 2581 confunderentur,
609 2520 674 2563 cum
695 2498 814 2563 uncum
840 2498 1044 2580 sanchssima,
1076 2520 1151 2585 quae
1170 2500 1221 2565 sin

138 2587 268 2654 familias
289 2587 412 2650 interse
432 2584 574 2651 societate
593 2583 718 2668 quadam
738 2582 956 2665 devinciebant,
976 2591 1193 2673 rumperentur,
1213 2606 1310 2673 neque

137 2673 386 2738 substituerentur
404 2691 484 2735 nova
503 2668 659 2755 religionis
680 2669 863 2733 incrementa
879 2670 955 2733 satis
977 2668 1064 2733 firma
1082 2677 1114 2735 et
1134 2675 1226 2753 certa,
1246 2677 1309 2745 tu

138 2779 211 2823 vero
231 2756 303 2821 deos
325 2761 355 2819 ot
374 2754 450 2819 ritrrs
471 2775 490 2818 a
509 2754 642 2842 patribus
661 2760 797 2842 receptes
817 2774 979 2842 spernere,
1000 2760 1061 2817 tam
1080 2753 1225 2819 maiorum
1243 2776 1309 2821 uu-

137 2862 187 2907 res
210 2846 241 2905 et
260 2840 393 2905 instituta
413 2838 581 2926 negligere.
623 2836 803 2925 Quamquam
821 2859 911 2902 sacra
930 2838 1075 2903 solemnia
1094 2860 1130 2902 ac
1145 2840 1217 2905 dies
1236 2840 1309 2905 festi

136 2928 170 2992 iu
197 2927 340 2991 honorem
369 2924 490 2988 deorum
522 2922 638 3011 publico
662 2930 696 2987 et
718 2923 838 3012 privato
867 2929 962 2988 sumto
987 2944 1076 3008 quam
1103 2923 1232 2997 maximo
1254 2946 1309 2991 aa·

138 3011 349 3091 lebrabantur,
402 3029 574 3094 quamquam
610 3007 734 3072 delubra
770 3015 803 3072 et
842 3000 1000 3072 simulacra
1037 3006 1158 3073 deorum
1206 3007 1307 3097 splen·

136 3096 296 3198 didissima
317 3095 561 3174 exshuebantur,
593 3113 655 3156 non
678 3099 779 3191 l³¹¹l⁰¹¹
805 3092 1001 3158 venabantur
1024 3091 1178 3195 Plelfflfft
1197 3093 1307 3193 relipip

130 3203 227 3332 hl
240 3176 1308 3349 .‘.¹.¹¹¹.3llllt¹l.²‚⁰‘,dlttl‘th‘t'hltltllrtltt

134 3353 231 3441 ipsum
250 3350 328 3436 quod
348 3348 465 3415 dimnas
484 3368 536 3412 res
557 3352 639 3411 tanto
659 3346 833 3446 splendere,
865 3346 971 3434 fragili
999 3346 1052 3410 illo
1072 3346 1188 3432 quidem
1206 3354 1241 3411 et
1259 3348 1307 3411 in-

134 3437 258 3502 teritura
279 3434 482 3514 exornabant,
514 3433 612 3519 magis
641 3444 730 3496 eham
751 3430 864 3496 animos
885 3452 905 3494 a
924 3431 1098 3495 castimonia
1117 3430 1307 3499 abalienavit.

135 3519 224 3589 Adde
247 3521 323 3601 hnc,
356 3517 433 3603 quod
453 3515 656 3582 Athenienses
682 3515 780 3579 studio
807 3515 942 3580 discendi
963 3537 982 3580 a
1001 3516 1146 3606 principio
1174 3515 1305 3599 incensi,

135 3606 305 3690 artibusque
325 3603 412 3669 bonis
433 3609 464 3667 et
483 3601 648 3691 disciplinis
673 3620 736 3665 non
754 3600 943 3665 illiberaliter
962 3601 1089 3665 instituti
1142 3600 1236 3669 alatri
1256 3622 1306 3667 oo·

158 3691 279 3756 'tatione
300 3688 399 3754 omnia
419 3708 481 3752 com
501 3686 705 3753 rehendebant
724 3690 756 3749 ct
770 3686 1042 3774 perscrutabantur.
1112 3685 1222 3750 acessit
1239 3686 1306 3775 pbi-

134 3712 169 3842 lo¹
200 3774 324 3865 phorum
345 3794 450 3863 opera:
482 3708 598 3837 pbrorum
619 3771 698 3835 enim
715 3777 875 3859 praecepta
895 3776 926 3834 et
945 3770 1068 3858 placita,
1099 3792 1164 3836 curn
1184 3770 1219 3835 in
1240 3770 1306 3837 ani·

134 3881 199 3929 mos
226 3867 346 3923 tencrm
366 3865 398 3923 at
416 3879 454 3923 uc
474 3857 580 3923 faciles
600 3855 768 3934 influerent,
791 3855 1009 3946 superstitionis
1024 3855 1141 3941 quidem
1161 3855 1304 3925 tenobm

134 3943 328 4011 multitudinis
350 3944 424 4007 ocu'
464 3941 579 4008 offusas
607 3940 807 4030 dispulerunt,
836 3946 871 4005 at
890 3939 1067 4028 rehgionem
1087 3960 1203 4025 quoquo
1220 3940 1305 4007 labe·

134 4030 297 4095 imtaruntr
341 4049 411 4093 nam
438 4048 504 4094 cum
530 4032 619 4091 antea
644 4025 778 4091 homines
804 4045 977 4115 persuasum
997 4026 1160 4107 haberent,
1185 4044 1305 4091 omnem

133 4114 213 4181 hunc
232 4113 370 4180 mundum
392 4111 545 4178 delubrum
566 4110 651 4196 quasi
673 4109 816 4197 quoddam
837 4116 868 4175 et
882 4107 1059 4175 domicilium
1080 4108 1202 4176 deorum
1222 4130 1304 4193 cuc,

133 4198 303 4285 omniaque,
324 4218 399 4284 qaae
424 4204 636 4278 cernerentur,
656 4195 778 4261 deorum
798 4214 868 4261 esse
887 4195 994 4283 plena,
1014 4201 1048 4263 ut
1061 4194 1155 4260 divim
1172 4196 1304 4261 numinis

134 4286 249 4374 species
277 4283 362 4370 qnasi
390 4281 532 4367 quaedam
556 4300 619 4349 non
644 4280 740 4347 solum
766 4280 800 4346 in
826 4281 994 4363 mentibus,
1036 4300 1139 4347 uerum
1160 4280 1250 4351 etium
1270 4280 1303 4347 in
