2760 4792
136 193 202 273 rto
520 199 924 273 conmanramonas

136 365 266 458 ψήφους
281 358 449 447 καθίεσαν,
466 368 520 433 ἵνα
539 368 584 454 μὴ
604 367 824 436 ὄλισθάνωσιν·
846 371 910 437 ἴστε
931 372 966 437 tt
984 372 1104 460 πλίγμα
1123 401 1153 442 τι
1173 377 1308 445 cunem-

136 460 187 534 δες
207 460 258 522 καλ
279 456 442 540 ἠθμῶδες,
461 453 582 520 ἄνωθεν
601 453 717 534 πλατύ,
737 452 877 521 κάτωθεν
897 455 1009 523 στενόν.
1304 520 1307 525 ,

220 543 284 608 lam
315 563 387 606 vero
422 538 563 606 Cratinus
590 541 632 605 ita
661 540 778 607 violetur
809 544 990 626 instituisse,
1028 553 1060 609 ut
1090 566 1146 631 quo
1178 545 1305 634 gravio·

136 627 290 713 eamusque
312 625 488 691 desiderium
511 626 647 775 antipnae
668 627 785 691 virtutis
807 635 837 690 et
856 629 917 692 inte
958 629 1036 694 'tatio
1056 630 1089 694 in
1110 632 1216 697 civium
1237 632 1305 697 ani-

135 713 191 778 mia
213 713 372 792 excitaret,
393 711 552 798 imaginem
588 710 763 775 elicissimae
783 712 862 776 vitae
884 649 1054 796 exbiberet,
1075 736 1149 799 quae
1170 714 1305 783 reditun

135 799 274 885 casaturi
284 795 485 861 Athenienses
497 816 556 859 non
572 802 630 860 tam
651 803 729 860 metu
740 795 874 884 supplicii
896 798 1101 886 turpitudinem
1112 799 1231 887 fugiant
1250 809 1305 869 out

134 883 258 947 utilitate
284 881 381 965 aliqua
409 882 562 964 fructuque
589 880 659 944 moti
688 881 870 945 honestatem
896 883 1009 964 colant,
1035 884 1086 948 aed
1115 905 1170 949 uua
1195 894 1304 974 sponte

133 975 268 1031 naturam
289 966 383 1029 secuti
408 965 525 1052 legibus
547 965 748 1053 obtemperent
773 965 922 1054 ipsamque
949 969 1086 1033 virtutem
1149 991 1166 1032 r
1191 991 1226 1035 se
1246 993 1302 1037 ex·

154 1061 242 1116 etant.
283 1049 334 1116 Ao
365 1050 452 1113 buius
482 1051 561 1113 vitae
586 1048 755 1113 felicitatem
787 1051 887 1116 resero
912 1050 1002 1134 illud,
1044 1074 1100 1137 quo
1145 1060 1192 1119 est
1222 1054 1304 1145 aputl

131 1073 270 1203 l’botium
291 1157 320 1247 p.
341 1136 417 1215 553,
436 1135 478 1199 8:
496 1132 688 1217 Ὀσταφίδα,
711 1132 768 1214 οὐχ
789 1132 871 1211 ὅπως
891 1140 1046 1220 Κρατῖνος
1064 1136 1201 1218 Νόμοις·

213 1218 251 1285 ‘0
272 1222 305 1284 δε
326 1217 405 1293 Ζεὺς
433 1216 596 1302 ὀσταφίσιν
615 1214 680 1282 riom
701 1216 792 1299 τείχα.

133 1303 212 1371 ἀλλὰ
234 1308 283 1368 καὶ
305 1300 441 1366 Πλάτων
461 1308 525 1367 κτλ.
567 1301 629 1370 Vix
651 1303 708 1367 dici
729 1304 808 1367 enim
829 1310 940 1390 potest,
962 1312 1140 1394 quantopere
1161 1307 1300 1394 antiquae

130 1389 299 1456 comoediae
339 1395 423 1452 cetae
443 1388 475 1451 in
508 1388 565 1451 bac
584 1407 697 1452 summa
716 1388 857 1452 felicitate
884 1396 969 1473 atque
990 1390 1052 1454 vita
1076 1391 1299 1480 opulentissima
1359 1418 1363 1426 ·

131 1411 346 1564 exaggerantlb
366 1473 424 1538 sibi
444 1472 621 1561 placuerinta
647 1472 823 1560 quoplnres
844 1480 940 1538 autem
961 1474 1088 1539 taedium
1109 1476 1189 1542 vitae
1208 1478 1299 1545 miuc·

129 1565 337 1711 tttttb
356 1557 692 1707 {lltltllttb
713 1556 864 1706 Ἠλῖ
881 1559 915 1707 {t
934 1561 1297 1713 {lllllllll'llllm

130 1731 202 1798 dare
222 1730 383 1809 finxerunt,
404 1663 645 1791 alphen-elram
666 1662 819 1792 inll'elsiu
840 1664 916 1816 aplud
931 1727 1043 1793 Athen.
1062 1667 1302 1818 vlorpnmpp?

207 1811 247 1878 ‘O
267 1813 346 1889 Ζεὺς
366 1809 397 1875 δ’
421 1808 484 1876 ὕων
505 1809 577 1894 οίνῳ
597 1812 711 1899 καπνίᾳ
730 1810 810 1875 κατὰ
830 1817 886 1876 τοῦ
908 1811 1042 1894 κεράμου
1061 1811 1252 1895 βαλανεύσει,
1294 1854 1299 1865 ·
1337 1857 1340 1861 -

206 1898 283 1968 :aab
305 1903 366 1962 τῶν
386 1897 421 1961 δὲ
439 1900 533 1980 τεγῶν
554 1895 651 1977 ὀχετοί
672 1893 814 1978 βοτρύων
832 1895 911 1976 μετὰ
927 1898 1095 1962 ναστίσκων
1114 1899 1299 1989 πολυπόρων,

208 1980 455 2068 Ὀχετεῦσονται,
477 1985 586 2066 θερμῷ
608 1979 665 2043 σὺν
685 1979 759 2045 itm
779 1983 830 2053 ocal
851 1979 1208 2069 λειριοπολφανεμώναις.
1293 2026 1297 2035 -

126 2080 158 2141 et
175 2071 331 2161 Nicopbon
350 2068 383 2131 in
404 2065 561 2132 Sirenibuo
582 2064 705 2128 ibidem:

142 2169 146 2175 '
429 2193 432 2198 -
528 2148 657 2232 Νιφίτω
675 2148 732 2228 μὲν
752 2148 892 2232 ἀλφίτοις

213 2235 381 2314 Ψακαζέτω
402 2233 432 2298 δ’
456 2231 608 2318 ι’ίρτοισιν,
628 2229 707 2297 bium
728 2232 758 2298 δ’
782 2233 871 2308 ibren,
913 2262 917 2269 ¹

208 2321 322 2404 Ζωμὸς
342 2318 394 2385 διὰ
419 2324 481 2384 τῶν
502 2314 582 2382 ὁδῶν
607 2321 780 2382 κυλινδείτω
800 2320 885 2404 κρία.
1098 2388 1102 2393 ,

123 2410 221 2479 Plane
242 2415 338 2473 autem
363 2425 536 2494 persuasum
563 2402 658 2468 babeo
678 2425 738 2468 non
758 2404 839 2492 ipsos
867 2408 967 2492 poetae
989 2405 1114 2471 comicos
1133 2412 1297 2479 κατοικίσαι

123 2497 201 2563 hanc
227 2494 266 2558 im
309 2493 386 2555 'nem
413 2490 554 2570 finxisse,
586 2489 639 2553 sed
665 2489 802 2577 populum
826 2489 956 2556 Atticum
981 2489 1110 2556 fabulam
1142 2493 1295 2577 quandam

126 2582 273 2665 antiquam
314 2598 332 2641 e
353 2577 452 2640 futura
470 2574 610 2639 felicitate
631 2595 777 2659 aureoque
798 2575 916 2640 saeculo
937 2594 1094 2640 reversuro
1116 2598 1135 2641 a
1153 2578 1288 2664 patribus
1317 2624 1320 2629 -

123 2666 260 2732 traditam
281 2662 332 2726 din
352 2660 465 2725 fovisse
486 2667 516 2724 et
536 2659 592 2722 bac
612 2679 665 2746 spe
694 2659 727 2723 in
753 2661 873 2726 summis
894 2659 1106 2727 calamitatibus
1127 2682 1161 2726 oe
1182 2682 1289 2727 conuo-

122 2753 199 2818 latos
220 2769 303 2812 esre:
325 2743 577 2830 commodeigitnr
643 2751 690 2809 tae
710 2745 925 2811 banclabulam
947 2742 1043 2830 lepido
1057 2754 1288 2813 exornaverunt:

120 2834 175 2905 aad
196 2835 309 2899 (licetur
329 2831 365 2897 de
386 2829 433 2893 bis
454 2829 544 2895 infra.
615 2830 810 2895 emicantem
831 2830 927 2895 anad
948 2828 1071 2894 eundem
1093 2836 1171 2901 hunc
1190 2831 1288 2901 locum

141 2920 268 2986 ertineat
286 2916 373 2981 etiam
394 2914 446 2978 ille
465 2936 582 2995 versus,
603 2915 651 2998 qui
672 2922 719 2980 cst
738 2915 814 3004 apud
828 2915 1014 2981 Athenaeum
1024 2915 1107 2988 XIV.
1128 2917 1286 3007 poton:

154 3004 310 3087 αγηνίτης·
337 3003 474 3075 πλακοῦς
499 3001 532 3064 ἓν
552 2999 644 3087 ἐλαίῳ
669 3001 973 3086 τετηγανισμένος-
1004 3006 1056 3066 καί
1077 3007 1232 3090 Κρατῖνος
1251 3006 1287 3071 lv

118 3087 169 3162 No‘
194 3109 255 3164 οις·
1253 3134 1256 3139 ·

168 3116 268 3238 μΚαλ
291 3165 404 3256 δρόσον
424 3167 548 3252 βάλλων
568 3169 664 3234 ἕωθεν
681 3169 808 3254 χλιαρὸς
827 3171 981 3254 ταγηνίας.

119 3259 277 3347 magnifice
297 3264 405 3338 autem,
427 3262 459 3320 ut
479 3254 564 3337 uolet,
584 3256 736 3357 placentae
758 3256 982 3344 descriptionem
1002 3258 1167 3340 exornavit,
1188 3259 1231 3325 ita
1251 3264 1290 3325 ut-

117 3340 1284 3514 ttttrlttbttblllllltltlttbtltltatttriti
1341 3364 1346 3373 ’

118 3536 195 3581 eoae.
237 3510 297 3576 Sus
316 3508 379 3575 icor
404 3518 498 3575 autem
524 3531 586 3574 non
611 3510 706 3574 solum
732 3507 769 3574 ed
796 3510 874 3575 hanc
900 3511 1028 3575 fabulam
1055 3511 1108 3576 sed
1135 3514 1221 3579 etiam
1243 3512 1283 3581 aa

117 3599 195 3665 bauo
221 3533 356 3662 omnibus
379 3595 493 3661 deliciis
521 3595 697 3661 abundantis
722 3594 800 3658 vitae
827 3595 1052 3682 desumptionem
1080 3595 1149 3661 illos
1175 3618 1285 3663 vorum.

155 3685 280 3762 minere,
302 3702 373 3765 quos
394 3681 461 3745 sine
481 3681 599 3746 fabulae
620 3679 704 3744 titulo
725 3679 882 3767 alcripsit
893 3680 1066 3745 Athenaeus
1086 3681 1126 3746 lb
1142 3704 1172 3771 p.
1181 3681 1224 3749 49
1235 3681 1285 3749 te.

116 3705 275 3853 libantem
296 3762 512 3850 ἔλεφαντῶδεις
532 3771 595 3829 τῶν
620 3760 820 3848 ίπιδημᾶτων
839 3765 873 3830 ἐκ
900 3770 955 3848 τῆς
974 3765 1164 3850 καλουμίνης
1184 3791 1280 3855 σφεν-

115 3850 233 3935 δάμνου
253 3850 475 3933 πεποιημίνων·
502 3851 673 3934 Κρατῖνος·
846 3908 849 3913 .

201 3940 233 4002 Γ
230 3941 379 4019 αυριῶσαι
400 3933 432 4000 δ’
457 3933 659 4015 ἀναμίνοοσιν
678 3920 738 3998 οἷδ’
762 3932 997 4019 ίπηγλαὶσμίναι

201 4023 356 4105 Μείρακες
376 4021 508 4107 φαιδραὶ
529 4015 672 4104 τράπεζαι
692 4023 855 4103 τρισκελεῖς
876 4017 1104 4105 σφενδάμνιναι.

116 4106 201 4174 llaec
222 4107 352 4172 servavit
372 4105 454 4170 soluo
473 4103 569 4170 codex
581 4102 625 4186 C,
646 4103 736 4192 vulgo
758 4105 860 4169 ultima
879 4111 990 4169 tantum
1010 4105 1113 4185 verba,
1132 4098 1279 4185 τράπεζαι

115 4197 277 4275 τρισκελεῖς
296 4215 317 4256 c
342 4186 516 4270 routpertum
542 4188 732 4276 legebantur,
760 4189 918 4276 cademque
944 4190 1032 4255 etiam
1054 4189 1227 4257 Eustatbiuo
1266 4236 1282 4261 .,

116 4278 215 4360 1398,
234 4277 280 4342 20
342 4280 399 4340 ert.
439 4272 675 4355 Valckenarius,
702 4273 752 4359 qui
773 4272 871 4340 Diutr.
897 4274 936 4340 <le
961 4272 1065 4364 Eurip.
1085 4274 1141 4341 Fr.
1160 4277 1231 4365 pt
