2760 4792
290 230 349 298 DE
371 227 514 307 RELIQ-
534 226 723 298 COMOED.
741 226 849 298 un'r.
869 230 1014 309 ANTIQ.
1189 231 1233 301 ld

63 411 189 473 stratum
216 402 371 469 obtineret
418 399 481 467 Sed
507 401 562 467 has
588 396 825 504 impeditissimas
853 403 1040 488 quaestiones
1066 405 1230 471 accuratius

63 489 203 583 persequi
233 489 371 578 prohibet
395 487 526 554 instituti
555 507 653 576 operes
686 488 849 554 eonsilium.
903 487 956 554 Sic
986 489 1075 553 etiam
1101 489 1230 555 Periclis

64 583 178 658 aetate,
211 595 275 639 cum
305 574 351 639 rei
371 574 504 663 publicae
524 573 620 638 forma
641 580 671 637 et
689 573 824 639 instituta
843 573 976 638 funditus
996 573 1229 657 immutarentur,

63 661 185 728 licuisse
204 660 341 740 videtur,
383 667 416 722 ut
445 659 504 723 viri
529 658 685 747 populares
710 658 796 746 plura
822 679 944 723 munera
964 658 1081 746 publica
1100 680 1160 723 uno
1181 680 1232 724 eo-

63 747 188 832 demque
208 765 286 810 anno
313 744 566 809 administrarent:
610 744 666 808 hoc
692 750 788 808 autem
815 762 920 808 munus
941 743 1068 808 Periclis
1095 764 1232 833 praeser-

31 867 36 874 ·
63 833 117 897 tim
138 835 251 911 aetate,
281 851 342 894 non
362 830 419 894 luit
439 829 514 894 levis
535 829 674 894 momenti
695 836 725 892 et
744 827 910 910 Metiocho,
938 827 1051 893 homini
1071 829 1231 895 architecto

62 915 389 1000 convenientissimum:
436 913 569 979 Pericles
602 914 681 978 enim
714 934 779 977 eum
811 913 913 978 urbem
943 913 1074 979 delubris
1107 914 1231 1000 aliisque

64 1001 207 1066 aedificiis
228 999 353 1088 publicis
379 999 488 1063 eximie
513 1005 648 1079 ornaret,
682 1000 770 1063 etiam
800 1000 915 1063 viarum
941 999 1163 1065 muniendarum
1182 1021 1232 1064 re·

64 1075 175 1152 tionem
202 1085 319 1166 habuit,
360 1084 393 1149 id
418 1084 494 1169 quod
520 1084 606 1149 docet
630 1080 808 1148 Plutarchus
835 1083 868 1147 in
893 1084 955 1146 vita
975 1082 1103 1149 Periclis
1131 1106 1156 1149 c.
1178 1085 1230 1151 12.

63 1171 115 1238 uhi
146 1170 275 1256 loquitur
301 1170 338 1234 de
368 1168 551 1234 multitudine
577 1169 743 1249 hominum,
785 1189 908 1254 qnorum
932 1189 1024 1275 opera
1043 1168 1178 1234 Pericles
1198 1168 1232 1234 in

64 1256 260 1322 monumentis
280 1253 435 1320 moliendis
457 1274 527 1320 usus
548 1254 602 1320 sits
650 1255 689 1318 Ol
710 1253 745 1317 δὲ
765 1253 844 1318 κατὰ
864 1259 921 1338 γῆν
940 1256 1151 1338 αμαξοπηγολ,
1179 1255 1232 1317 καί

64 1337 261 1427 ζευγοτρόφοι
287 1341 338 1404 καὶ
364 1334 478 1423 ῆνιόχοι
504 1342 556 1403 καί
583 1337 812 1426 καλωστρόφοι,
839 1341 891 1403 καί
911 1341 1064 1426 λινουργοὶ
1085 1341 1136 1402 καί
1156 1361 1233 1404 σκυ-

63 1419 429 1577 itttttthdttt'
459 1426 520 1574 th
540 1421 1232 1576 titiluslittthtltt‘ttulit

739 1556 749 1588 η
1222 1554 1232 1577 τ

63 1594 146 1662 Ante
166 1592 293 1661 Periclis
314 1556 562 1682 autem⁷tempora
570 1532 642 1659 arigdu
665 1595 780 1659 videtur
800 1595 848 1658 hic
869 1532 1060 1683 rlragistretus
1081 1595 1232 1660 institutus

64 1703 148 1763 esse,
170 1678 314 1765 siquidem
323 1678 500 1743 Heraclides
520 1678 662 1744 Ponticus
698 1681 788 1744 ⁸232.
800 1679 830 1744 iu
847 1678 935 1768 Lips.
949 1682 996 1746 ed.
1016 1680 1138 1744 Aeliani
1158 1679 1232 1749 Vas.

64 1764 146 1831 Hist
173 1769 308 1829 senatum
338 1763 371 1825 iu
403 1761 563 1849 Areopago
596 1771 626 1826 et
704 1763 882 1827 emistoclem
908 1772 938 1828 et
962 1764 1125 1829 Aristidem
1163 1765 1234 1830 dicit

63 1850 228 1930 curavisse,
248 1868 288 1910 ne
309 1845 374 1931 quis
400 1844 479 1926 mam
504 1845 649 1932 publicam
671 1846 837 1910 obstrueret
856 1855 906 1910 aut
926 1848 984 1912 alio
1005 1849 1156 1955 quomodo
1177 1849 1232 1915 im·

60 1935 196 2024 pediret,
218 1931 289 1996 dicit
309 1929 401 1994 enim:
426 1930 635 2013 Θεμιστοκλῆς
656 1932 708 1994 καί
727 1929 915 2016 Ἀριστείδης
935 1935 987 1995 καί
1008 1957 1027 2013 η
1050 1933 1082 2008 ἐξ
1097 1931 1232 2019 Ἀρείου.

59 2015 165 2103 πάγου
190 2014 288 2098 βουλὴ
315 2013 414 2079 πολλοὶ
445 2010 590 2080 ἐδύναντο
617 2017 669 2078 καί
696 2021 758 2080 τῶν
784 2011 865 2079 όδῶν
893 2017 1107 2100 ἐπεμελοῦντο,
1150 2014 1233 2096 ὅπως

60 2100 208 2254 theti
226 2097 1112 2255 dt‘tltlthl'ltdalltlttdlt'tttt
1145 2104 1233 2256 elsi

60 2275 171 2338 tuisse:
203 2209 309 2362 gpossit
333 2292 407 2335 saue
436 2270 541 2357 aliquis
569 2207 713 2360 suspicari
733 2273 790 2336 hoc
810 2273 961 2361 negotium
982 2276 1077 2340 inisse
1097 2289 1230 2340 cerato·
1256 2331 1261 2343 ,

61 2360 158 2422 ritas
177 2360 272 2422 ιινόὶι
293 2356 477 2445 impositum,
510 2356 559 2441 qui
585 2357 617 2420 in
639 2355 706 2421 aliis
728 2357 844 2441 quidem
869 2358 1035 2426 civitatibus
1068 2360 1132 2425 vias
1160 2381 1230 2447 quo·

80 2464 118 2507 ue
146 2444 300 2507 curabant:
344 2436 399 2505 sed
425 2462 464 2505 ex
491 2438 655 2518 Aristotele
681 2440 770 2506 Polit.
796 2440 850 2511 vl.
876 2443 908 2510 ⁵.
929 2445 1001 2509 mihi
1023 2444 1165 2533 colligere
1185 2447 1230 2511 vi·

61 2463 136 2592 deor
155 2529 211 2592 hoc
230 2546 336 2591 munus
356 2530 418 2589 τῶν
440 2521 620 2606 ἀστυνόμων
638 2525 766 2591 Athenis
783 2529 957 2593 arctioribus
978 2530 1088 2594 finibus
1109 2530 1232 2597 circum·

62 2619 177 2700 septum
206 2612 318 2718 fuisse2
360 2610 403 2674 ita
429 2618 461 2674 ut
491 2610 543 2674 alii
575 2611 634 2675 nlia
661 2613 782 2700 negotia
807 2614 924 2701 publica
951 2615 1231 2724 administraverint²

63 2696 134 2761 dicit
154 2702 265 2766 aulem:
312 2695 414 2781 Ετέρα
441 2695 475 2759 δέ
499 2695 652 2776 ἐπιμέλεια
677 2694 792 2779 ταύτης
818 2699 946 2781 ἐχομένη
973 2702 1024 2763 καί
1046 2697 1230 2786 σύνεγγυςη

61 2785 125 2846 τῶν
148 2782 215 2867 περί
242 2779 278 2845 τὸ
305 2777 383 2845 ἄστυ
409 2781 564 2862 δημοσίων
589 2783 641 2845 καί
667 2781 752 2846 ἰδίων
779 2779 861 2859 ὅπως
888 2782 1035 2866 εὐκοσμία
1056 2777 1077 2872 ᾖ
1096 2788 1149 2849 καί
1168 2791 1232 2852 τῶν

61 2864 236 2931 πιπτόντων
263 2862 517 2946 οἰκοδομημάτων
544 2867 595 2929 καί
624 2863 711 2930 'idcir
744 2869 880 2953 σωτηρία
905 2871 956 2933 καί
984 2867 1152 2954 διόρθωσις
1178 2873 1231 2935 καί

60 2955 124 3016 τῶν
142 2947 236 3036 ’ὁρίων
259 2955 322 3016 τῶν
350 2949 428 3035 πρὸς
454 2947 618 3032 ἀλλήλους,
652 2947 736 3028 ὅπως
761 2949 949 3038 ἀνεγκλήτως
969 2951 1078 3035 ἐχωσιν
1098 2959 1148 3019 καί
1171 2953 1231 3020 ὅσα

59 3031 183 3111 τούτοις
208 3032 288 3099 duta
313 3039 368 3118 τῆς
397 3035 565 3116 ἐπιμελείας
593 3032 791 3118 ὁμοιότροπα.
832 3043 961 3102 καλοῦσι
983 3038 1014 3102 δ’
1042 3039 1231 3122 ἀστυνομίαν

62 3119 94 3186 οἷ
120 3123 255 3185 πλεῖστοι
281 3121 337 3204 τῆν
362 3117 508 3203 τοιαύτην
533 3118 645 3206 ἀρχήν·
688 3119 747 3204 ἔχει
776 3123 809 3186 δέ
837 3122 934 3209 μόρια
958 3125 1052 3188 πλείω
1079 3124 1134 3190 τόν
1161 3125 1231 3210 ἀρι-

59 3200 156 3287 θμόν,
178 3195 352 3292 ὧνὲτέρους
364 3203 417 3291 ἐφ’
441 3204 534 3294 ἐτέρῳ
552 3211 737 3270 καθιστᾶσιν
757 3207 789 3272 ἐν
809 3216 878 3284 ταῖς
898 3207 1231 3296 πολυανθρωποτέραις

59 3285 199 3369 πόλεσιν,
236 3285 302 3355 οἷον
321 3289 510 3372 τειχοποιοδς
531 3293 583 3354 καί
603 3296 724 3376 κρηνῶν
744 3292 926 3375 ἐπιμελητὰς
947 3296 997 3358 καὶ
1019 3294 1147 3375 λιμένων
1168 3292 1231 3382 φύ

59 3378 179 3452 λακαςι
219 3396 289 3440 nam
316 3375 386 3461 quin
411 3375 567 3440 Aristoteli
600 3396 665 3440 cum
691 3375 766 3440 haec
791 3378 993 3467 praeciperet,
1033 3378 1229 3449 Atheniensis

58 3459 244 3549 podssimnm
270 3459 397 3524 civitatis
423 3461 523 3548 imago
550 3466 618 3525 ante
646 3459 745 3525 oculos
771 3468 892 3527 versata
918 3465 972 3545 sit,
1014 3466 1067 3530 vix
1103 3465 1231 3532 dubitari

58 3551 167 3634 potest
208 3546 287 3610 Nam
310 3545 440 3609 Athenis
466 3545 586 3609 luerunt
605 3557 780 3612 ceratem
801 3554 977 3623 παροίνια,
1005 3570 1126 3635 quorum
1148 3572 1230 3616 men·

59 3631 170 3695 tionem
198 3630 270 3694 facit
293 3630 461 3694 Aeschines
482 3630 513 3693 in
536 3629 759 3720 Ctesiphontem
785 3653 815 3721 p.
835 3631 914 3698 400:
951 3631 1044 3698 Ἔστι
1065 3637 1099 3699 δι’
1120 3634 1137 3700 ὁ
1159 3639 1230 3719 Δη-

57 3715 217 3797 μοσθένης
243 3710 429 3796 τειχοποιός,
472 3714 636 3797 ἐπιστάτης
667 3722 724 3780 τοῦ
753 3719 898 3801 μεγίστου
930 3725 991 3784 τῶν
1022 3719 1126 3805 ἐργων.
1154 3723 1229 3787 adde

58 3800 129 3865 ihid.
154 3818 181 3888 p.
202 3797 275 3865 404.
286 3799 358 3865 418.
368 3798 441 3864 420.
455 3808 484 3864 et
499 3820 560 3886 seq.
603 3801 821 3867 Demosthenes
843 3804 907 3868 ise
928 3805 965 3869 de
987 3826 1096 3872 corona
1116 3828 1144 3897 p.
1157 3810 1228 3873 937.

59 3884 105 3949 ed.
125 3882 280 3950 Beklsen'z
320 3882 448 3966 Ἐπειδὴ
474 3886 683 3969 Δημοσθένης
703 3824 930 3970 Δημοσθόλους
949 3889 1119 3968 Παιανιεύς
1145 3889 1225 3975 γενό·

57 3978 150 4118 gagio?
177 3968 438 4116 ἐπιμεῆητῆςλτῆς
458 3974 519 4119 aas?
535 3976 645 4118 γἐιχῶν
665 3974 823 4081 ἐπισκευῆς
844 3977 895 4122 goti
918 3973 1161 4124 προσγγαλοίσας
1187 3979 1230 4054 τίς

59 4076 200 4204 sosii?
217 4079 306 4205 odai
324 4077 494 4219 {lalisio
506 4079 747 4224 Ξλόλιῖῗυλλ
767 4082 943 4232 diuelli·
955 4167 994 4209 ex
1015 4070 1229 4213 hillidii

59 4223 120 4288 vlla
141 4224 360 4290 Themistocles
383 4247 408 4290 c.
430 4224 486 4291 31:
530 4223 602 4290 Είδε
618 4226 652 4290 δι’
668 4228 718 4290 καί
739 4229 773 4292 ἐν
792 4227 926 4315 Μητρός
947 4229 1018 4316 ίερῷ
1038 4230 1095 4311 τῆν
1114 4235 1229 4295 καλου*

59 4305 352 4397 μόνηνδδροφόρον
371 4308 467 4396 κόρην
490 4315 622 4396 χαλκῆν,
652 4311 784 4398 μέγιθοζ
804 4314 950 4395 δίπηχυν,
978 4311 1017 4396 ῆν
1037 4312 1145 4392 αδτός,
1179 4312 1230 4380 dte
