2768 4770
342 246 401 313 DE
422 246 565 324 RELIQ.
583 246 772 317 conoul).
792 248 899 316 ATT.
919 250 1065 326 ANTIQ.
1241 256 1285 323 36

111 417 231 483 animos
252 414 480 480 Atheniensium
502 416 669 481 exercuerit
694 416 848 500 Pericles,
885 427 1064 509 quantopere
1084 421 1212 509 potuerit
1231 443 1283 486 eos

111 502 237 567 flectere
248 520 306 586 quo
318 499 422 582 veliet,
450 509 481 564 et
501 522 625 565 avocare
646 502 726 567 unde
746 503 848 570 nollet
889 503 933 569 At
951 527 988 568 ue
1014 506 1091 570 hanc
1117 507 1207 570 animi
1228 528 1283 571 con

111 586 255 652 stantiam
269 586 301 648 iu
317 584 407 648 rebus
428 586 562 650 adversis
578 587 666 650 etiam
685 585 832 653 Aelianus
852 588 926 658 Var.
979 591 1027 656 ist.
1048 590 1102 655 lX.
1123 593 1154 656 6.
1176 592 1283 656 eximio

111 671 277 750 collaudat,
300 677 448 758 postremo
469 671 655 735 tamenluctu
677 678 707 735 et
717 694 852 738 moerore
871 675 997 740 fractum
1017 697 1085 739 esse
1104 675 1282 742 Plutarchus

110 755 145 821 in
164 757 231 820 vita
250 753 379 818 Periclis
401 775 426 818 c.
447 756 499 820 36.
519 756 621 820 refert

199 838 360 905 Multitudo
380 859 464 920 vero,
484 861 584 903 rerum
604 840 795 905 adversarum
806 839 883 904 mole
895 840 1039 929 depressi,
1061 865 1125 908 cum
1141 844 1199 908 iam
1212 845 1282 909 deo-

109 944 178 989 rum
190 923 371 989 verecundia
390 933 421 987 et
429 924 537 1011 religio
550 946 589 988 ex
610 926 715 989 animis
727 926 938 1006 excessissent,
960 927 1115 1011 aliquando
1129 930 1166 992 ad
1189 930 1281 993 divini

108 1010 243 1075 numinis
272 1008 360 1073 fidem
382 1009 592 1096 confugerunt:
618 1030 702 1091 mox,
731 1016 815 1076 aucta
836 1010 924 1074 etiam
944 1011 1124 1093 calamitate,
1150 1014 1182 1076 in
1203 1036 1281 1080 sum-

108 1116 191 1159 mam
213 1094 446 1183 desperationem
476 1095 577 1158 reiecti
599 1101 681 1158 sunt:
713 1096 755 1158 ita
781 1095 950 1183 superstitio
978 1103 1008 1159 ot
1033 1097 1127 1160 divini
1152 1101 1280 1164 numinis

108 1178 287 1259 contemtio,
324 1177 503 1265 gravissima
524 1186 554 1242 et
580 1179 707 1243 maxime
733 1179 812 1243 inter
839 1202 872 1243 se
894 1180 1014 1244 diversa
1034 1182 1111 1245 maia
1132 1189 1201 1246 tunc
1220 1205 1281 1248 om·

107 1262 195 1327 nium
216 1263 329 1327 animos
351 1262 512 1326 vexabant:
534 1263 620 1350 legas
641 1265 717 1349 quod
730 1264 900 1350 Thucydid.
922 1265 992 1330 dicit
1010 1265 1051 1330 Π.
1072 1265 1130 1332 47:
1156 1263 1236 1332 Ὅσα
1248 1293 1280 1334 τε

107 1346 192 1432 πρὸς
224 1347 315 1427 ἱεροῖς
340 1346 495 1411 ἱκέτευσαν
520 1345 540 1429 ἢ
567 1349 722 1428 μαντείαις
754 1352 805 1413 καί
832 1359 896 1423 τοῖς
921 1346 1071 1426 τοιούτοις
1102 1347 1280 1435 ἐχρήσαντο,

107 1431 215 1497 πάντα
242 1431 383 1516 ἀνωφελῆ
408 1423 460 1514 ἦν,
502 1431 698 1510 τελευτῶντίς
720 1458 754 1498 τε
780 1431 883 1498 αὐτῶν
908 1432 1099 1517 ἀπέστησαν,
1138 1433 1199 1502 ἀπὸ
1224 1444 1280 1502 τοῦ

107 1521 209 1581 κακοῦ
231 1512 399 1597 νικώμενοι.
440 1516 488 1580 lta
507 1517 616 1582 factum
638 1525 698 1599 est,
721 1526 753 1582 ut
772 1539 874 1583 omnes
896 1527 927 1582 et
947 1519 1064 1584 divinae
1085 1527 1116 1584 et
1135 1522 1281 1587 humanae

105 1600 199 1689 leges
220 1598 464 1683 conticescerent,
499 1609 530 1665 ut
556 1602 651 1666 omnis
676 1604 771 1691 pietas
798 1613 828 1668 et
848 1604 989 1668 honestas
1009 1605 1141 1670 funditus
1162 1607 1281 1672 tollere·

106 1694 176 1766 tur3
205 1687 290 1750 testis
311 1692 358 1750 est
378 1685 572 1772 Thucydides
593 1688 664 1751 ihid.
686 1709 711 1750 c.
732 1690 784 1752 52.
806 1695 836 1750 et
856 1688 984 1752 maxime
1005 1711 1030 1753 c.
1050 1691 1104 1754 53.
1124 1691 1174 1755 uhi
1194 1712 1281 1779 prae·

105 1779 159 1835 ter
180 1770 240 1835 alia
259 1771 333 1836 haoo
353 1770 508 1858 leguntur:
554 1771 642 1834 Θεῶν
658 1771 692 1833 δὲ
712 1767 810 1855 φόβος
832 1768 851 1853 ἢ
873 1769 1048 1854 ἀνθρώπων
1068 1771 1160 1853 νόμος
1181 1778 1281 1852 οὐδεὶς

106 1854 254 1939 ἀπεῖργε,
294 1852 331 1919 sd
358 1859 414 1936 μέν
440 1855 591 1940 κρίνοντες
616 1856 648 1919 εἰν
679 1851 775 1943 ὁμοίῳ
801 1857 852 1918 καί
878 1855 978 1936 σέβειν
997 1859 1048 1919 καί
1068 1856 1126 1940 μή,
1170 1860 1203 1923 ίκ
1223 1866 1280 1925 τοῦ

108 1935 235 2014 πάντας
260 1934 333 2027 δρᾶν
356 1941 390 2004 έν
416 1939 473 2027 ἴσῳ
495 1938 741 2023 ἀπολλυμένους,
783 1945 845 2004 τῶν
871 1940 906 2004 δὲ
931 1936 1161 2026 ἁμαρτημάτων
1182 1941 1282 2022 addua

110 2023 243 2102 ἐλπίζων
269 2022 357 2106 μέχρι
390 2029 446 2088 τοῦ
476 2025 563 2108 δίκην
587 2025 730 2108 γενέσθαι
757 2024 847 2105 fluonia
874 2022 912 2088 ἀν
937 2025 993 2108 τὴν
1021 2029 1172 2110 τιμωρίαν
1196 2028 1281 2094 ἀντι.

108 2109 237 2184 δοῦναι,
269 2108 350 2173 πολὺ
375 2109 409 2174 δέ
432 2110 524 2190 μείζω
549 2108 606 2193 τὴν
633 2107 695 2193 ἤδη
716 2109 987 2195 κατεψηφισμένην
1007 2117 1096 2196 σφῶν
1115 2114 1281 2200 ἐπικρεμα-

105 2198 241 2276 σθῇναι,
262 2190 301 2276 ἢν
320 2195 393 2280 πρὶν
412 2195 563 2275 ίμπεσεΐν,
587 2193 666 2272 είκδς
686 2191 760 2258 είναι
781 2201 838 2259 τοῦ
858 2196 929 2276 βίου
950 2221 980 2261 τι
1002 2195 1187 2264 ἀπολαῦσαι.
1218 2198 1281 2266 Sed

104 2286 210 2344 nmen
229 2279 318 2343 etiam
339 2279 458 2365 antiqua
479 2287 577 2346 vatum
607 2280 727 2345 oracula
753 2281 785 2343 in
812 2288 938 2345 mentem
965 2291 1198 2366 revocaverunt,
1237 2285 1280 2350 uti

104 2363 294 2429 decantatum
314 2364 402 2428 iilud:

187 2444 273 2524 Ἥξει
293 2447 459 2531 Δωριακδς
478 2443 611 2527 πόλεμος
636 2448 688 2512 καί
709 2446 816 2526 λοιμὸς
836 2444 893 2528 ἀμ’
918 2447 1013 2534 αὐτῷ.

105 2530 200 2597 Dixit
218 2531 256 2597 de
276 2533 324 2598 his
346 2533 471 2618 aliisque
491 2532 598 2596 talibus
620 2530 815 2619 Thucydides
835 2532 876 2597 Π.
897 2533 949 2599 54.
981 2535 1022 2598 Et
1041 2555 1188 2598 renovare
1209 2557 1278 2620 quo-

128 2636 167 2681 ue
192 2624 278 2702 atque
303 2618 471 2682 instaurare
496 2617 672 2704 religionem
703 2624 733 2680 et
759 2617 871 2706 patrios
892 2640 989 2683 mores
1017 2619 1207 2699 studuerunt3
1236 2621 1280 2685 ita

104 2636 139 2768 ἀ
179 2701 261 2767 llinis
286 2702 414 2767 maximo
440 2702 548 2789 religio
576 2709 694 2791 recepta
715 2708 775 2766 est:
810 2702 871 2767 vid.
891 2703 1058 2768 Pausanias
1078 2704 1104 2769 l.
1125 2708 1162 2771 3:
1204 2704 1279 2789 Πρὸ

105 2786 129 2851 δ
167 2792 224 2851 rod
250 2785 382 2852 νευλτδν
406 2786 463 2869 μὲν
483 2783 671 2869 Λεωχάρης,
700 2783 735 2850 δν
755 2787 789 2850 δέ
809 2792 956 2851 καλοῦσιν
970 2787 1177 2865 Ἀλεξίκακον,
1208 2787 1279 2854 Kt-

104 2875 203 2953 λαμις
228 2871 383 2954 έποίησεν·
413 2870 449 2936 sd
471 2872 504 2935 δέ
526 2869 624 2953 ὄνομα
644 2876 690 2959 τῷ
711 2875 777 2958 θεῷ
797 2871 939 2955 γενέσθαι
960 2873 1116 2956 λέγουσιν,
1155 2871 1201 2938 ὅτι
1222 2874 1279 2958 τὴν

103 2952 248 3039 λοιμώδη
272 2958 362 3043 σφίσι
387 2952 478 3021 νόσον
505 2953 583 3038 ὁμσῦ
609 2961 654 3042 τῷ
684 2958 940 3039 Πελοποννησίων
967 2959 1090 3045 πολέμῳ
1117 2958 1280 3036 πιέζουσαν

103 3038 189 3106 κατὰ
208 3036 368 3123 μάντευμα
389 3039 519 3105 ἔπαυσεν
539 3043 573 3105 ἐκ
595 3042 740 3126 Δελφῶν.
780 3041 850 3106 Nou
877 3050 974 3107 tamen
1000 3045 1129 3107 cessavit
1148 3045 1278 3123 morbus,

104 3126 162 3191 sed
184 3127 301 3215 saepius
322 3126 560 3191 recrudescebat:
588 3125 783 3212 Thucydides
804 3125 859 3190 III.
880 3129 938 3191 87:
984 3133 1050 3191 Τοῦ
1075 3127 1105 3191 δ’
1129 3129 1279 3211 ἐπιγιγνο-

102 3208 202 3292 μένου
227 3216 375 3292 χειμῶνος
401 3205 421 3293 ἡ
448 3209 539 3286 νόσος
558 3209 594 3275 τὸ
614 3207 756 3295 δεύτερον
776 3210 899 3276 ἐπέπεσε
919 3221 983 3287 τοῖς
999 3212 1178 3295 Ἀθηναίοις
1198 3215 1278 3277 ἐκλι-

103 3300 215 3359 ποῦσα
242 3296 298 3374 μέν
328 3295 437 3360 οάδένα
466 3291 580 3380 χρόνον
609 3295 644 3359 τὸ
672 3292 879 3374 παντάπασιν,
922 3297 1037 3380 ἐγένετο
1064 3297 1100 3361 δέ
1123 3321 1169 3373 τις
1195 3294 1278 3378 ὅμως

103 3379 261 3463 διακωχή·
292 3381 451 3466 παρέμεινε
477 3381 512 3444 δέ
536 3378 573 3446 τὸ
597 3380 654 3461 μέν
673 3376 801 3462 ὕστερον
822 3379 879 3443 edu
899 3379 1029 3444 ἔλασσον
1050 3383 1208 3458 ένιαυτοῦ,
1240 3383 1277 3448 τὸ

103 3464 141 3529 δέ
162 3463 312 3551 πρότερον
331 3468 382 3529 καί
404 3464 462 3529 δίο
484 3463 554 3549 έτη,
582 3463 659 3530 ὥστε
674 3462 849 3547 Ἀθηναίων
869 3488 901 3547 γε
914 3465 959 3547 μὴ
980 3463 1055 3531 εἶναι
1077 3464 1093 3531 ὅ
1110 3491 1139 3531 τι
1159 3472 1279 3548 μᾶλλον

102 3544 241 3614 induam
266 3549 322 3631 τὴν
343 3547 482 3631 δάναμιν.
529 3550 618 3615 Adde
646 3549 771 3615 Diodor.
801 3548 892 3614 Sicul.
924 3550 994 3615 XII.
1020 3552 1077 3618 58:
1117 3551 1187 3615 Ἐπ’
1220 3551 1277 3637 ἀρ-

100 3657 216 3717 χοντος
236 3633 266 3699 δ’
285 3631 454 3720 Ἀθήνησιν
474 3633 667 3719 Εὐθυδήμου
689 3671 729 3683 -
751 3633 912 3717 Ἀθηναῖοι
930 3632 1042 3720 χρόνον
1061 3636 1130 3700 τινὰ
1151 3643 1205 3720 τῆς
1225 3634 1277 3702 νά-

102 3742 166 3784 σου
190 3724 246 3801 τῆς
270 3723 410 3803 λοιμικῆς
440 3718 588 3801 ἀνειμένοι
617 3715 709 3782 πάλιν
736 3722 779 3795 εἷς
798 3718 855 3794 τὰς
876 3718 973 3796 αάτάς
993 3721 1157 3808 συμφορὰς
1177 3723 1277 3787 ἐνέπε-

101 3826 172 3871 σον.
218 3800 388 3888 Οίιτωηιλρ
415 3801 476 3868 ἀπὸ
503 3809 558 3887 τῆς
583 3800 675 3869 νάσου
703 3805 899 3887 διετέθησαν,
933 3803 1010 3870 ὥστε
1036 3813 1098 3871 τῶν
1124 3831 1276 3893 στρατιω-

101 3894 169 3955 τῶν
195 3888 253 3969 μέν
276 3888 443 3969 ἀποβαλεῖν
469 3885 546 3976 ὑπὲρ
566 3889 640 3966 τοὺς
659 3892 916 3973 τετρακισχιλίους
936 3896 1002 3956 κτλ.
1044 3891 1200 3956 Renovato
1220 3894 1276 3957 hac

102 3973 272 4039 alamitate
297 3973 499 4040 Athenienses
521 3975 654 4063 graviter
674 3973 786 4056 afflicti,
813 3983 844 4040 ut
864 3976 982 4041 tandem
1003 3974 1159 4062 aliquando
1181 3979 1275 4067 respi-

101 4060 370 4141 retentamus,
397 4060 530 4125 Deorum
551 4061 626 4124 iram
648 4060 823 4147 expiandam
844 4082 912 4125 esse
933 4069 1125 4126 censuerunt:
1162 4063 1274 4127 instau-

101 4150 172 4209 rata
197 4143 209 4207 i
233 4143 291 4207 'tur
316 4152 386 4208 sunt
411 4145 529 4209 oraculo
555 4146 717 4233 imperante
743 4165 830 4209 sacra
848 4146 945 4234 patria
965 4153 995 4210 et
1014 4167 1119 4235 pompa
1139 4147 1170 4211 in
1192 4147 1273 4211 insu-

101 4227 165 4295 lam
224 4227 318 4309 alum,
379 4228 437 4295 uod
463 4250 499 4294 eo
531 4230 596 4318 ipso
624 4250 702 4293 anno
727 4229 837 4294 factum
863 4250 932 4294 esse
963 4231 1121 4296 memoriae
1146 4232 1275 4320 prodidit

102 4312 258 4379 Diodorus
278 4312 348 4380 XII.
420 4337 429 4378 ε
481 4313 522 4379 Oi
547 4314 581 4374 δ’
608 4312 766 4378 Ἀθηναῖοι
793 4311 846 4379 διδ
872 4315 929 4397 τὴν
952 4309 1127 4399 ὑπερβολὴν
1145 4321 1201 4398 τῆς
1222 4313 1273 4381 νό-

977 4417 1026 4480 3*
