2760 4792
281 241 341 311 DE
361 241 505 319 uuulo.
525 239 713 312 comodo.
733 239 841 315 ΑΤΤ.
860 239 1006 316 uuulu
1179 240 1226 311 33

55 420 116 479 mm
137 410 311 478 Athenaeus
333 410 486 498 coniungit
510 432 576 476 cum
597 408 743 476 Telenico
770 414 801 475 et
825 409 930 498 Arga,
962 409 1000 475 de
1025 409 1138 499 quibus¹
1154 420 1224 476 ante

56 497 215 578 disseruit,
241 497 362 581 eiusque
388 495 556 560 memoriam
577 495 752 560 comicorum
772 496 949 560 testimoniis
969 495 1114 576 illustrat,
1145 497 1225 561 unde

55 604 90 648 co
136 582 263 647 oscimus
284 582 431 645 hominem
458 581 530 645 satis
551 580 696 645 famosum
716 581 820 645 fuisse.
861 579 903 644 Et
922 580 954 643 in
974 581 1111 646 versibus
1134 578 1227 647 Chio·

55 669 88 732 ni
109 668 136 731 is
159 673 192 730 et
208 665 379 754 Eupolidis,
406 665 572 753 pariterque
593 665 626 728 in
646 665 815 752 fragmento
837 686 876 729 ex
897 662 1014 730 Cratini
1034 665 1224 730 Effeminatis

57 751 153 819 Gnesi
172 772 227 839 pus
249 756 502 831 commemoratur,
534 771 638 814 verum
662 750 695 812 iu
720 748 897 813 Pastoribus
921 749 1040 814 nonde
1062 749 1225 840 Gnesippo,

56 837 112 901 sed
144 772 181 901 de
217 833 395 901 Cleomacho
430 836 530 899 nescio
561 855 617 920 quo
651 841 697 898 est
726 854 834 898 sermo.
883 832 962 899 lllud
991 834 1085 921 igitur
1111 834 1227 902 Cassu-

55 922 166 986 bonum
188 920 226 984 ad
255 942 320 984 eam
340 919 479 1007 perduxit
499 919 685 1000 sententiam,
706 924 740 981 ut
760 925 828 982 aute
850 917 942 981 verba
961 918 1091 983 caninus
1113 921 1146 983 δὲ
1167 920 1225 984 οὔ-

55 1007 111 1070 τὸν
136 1006 188 1069 καὶ
216 1005 247 1068 ἓν
274 1003 441 1078 Βουκόλοις
466 1003 608 1068 nonnulla
634 1004 781 1068 excidisse
807 1008 962 1066 statueret:
1002 1025 1087 1089 quam
1112 1005 1225 1093 opinio·

55 1112 127 1162 nem
148 1097 266 1154 secutus
288 1095 335 1152 est
354 1088 543 1154 Dindorfius:
572 1089 631 1153 iam
657 1109 731 1154 vero
756 1108 795 1151 ne
823 1088 867 1152 sic
893 1087 1009 1172 quidem
1031 1089 1126 1153 omnis
1147 1090 1225 1154 diffi-

57 1175 152 1240 cultas
181 1181 227 1238 est
252 1179 378 1238 remota:
413 1196 481 1240 nam
502 1174 559 1239 etsi
579 1173 732 1238 statuimus
752 1171 940 1237 Athenaeum
960 1173 1051 1238 misso
1074 1173 1225 1264 Gnesippo

56 1260 96 1325 ad
120 1256 289 1324 Cleomaohi
309 1258 459 1323 cuiusdam
480 1258 649 1324 memoriam
671 1281 705 1323 se
732 1259 910 1338 contulisse,
943 1262 1041 1322 tamen
1068 1280 1129 1323 non
1155 1281 1227 1325 oon·

23 1362 32 1373 '
56 1343 170 1432 gruunt
200 1365 248 1413 ea,
275 1366 330 1408 uae
357 1350 533 1430 sequuntur,
576 1365 644 1408 uam
670 1344 704 1407 in
728 1343 864 1408 versibus
887 1364 926 1406 ex
947 1341 1065 1408 Cratini
1087 1343 1179 1412 Horis
1208 1340 1225 1408 ὅ

54 1427 242 1510 Κλεομάχου
258 1365 387 1538 legitur:
416 1431 473 1493 hoc
497 1427 732 1518 impedimentum
754 1435 787 1492 ut
806 1435 972 1492 removeret
992 1427 1226 1516 Schweighaeu-

56 1534 144 1578 serus
171 1511 187 1576 ὁ
216 1515 398 1596 Κλεομοχος
424 1515 558 1602 scripsit,
591 1513 749 1579 Dindorfio
775 1513 928 1602 probante.
980 1511 1024 1577 At
1050 1534 1111 1578 non
1137 1515 1225 1580 credo

55 1599 133 1664 haec
158 1598 230 1662 satis
257 1606 336 1664 recte
366 1607 396 1664 et
414 1621 486 1663 vere
507 1600 549 1662 ita
569 1599 726 1662 constituta
747 1619 824 1662 esse.
865 1598 943 1661 Nam
963 1598 1089 1687 primum
1109 1599 1227 1684 quidem

57 1681 267 1748 Cleomachum
292 1690 407 1772 poetam
438 1685 533 1746 luisse
554 1682 635 1745 nullo
656 1683 763 1746 idoneo
790 1682 956 1746 testimonio
977 1689 1075 1771 potest
1094 1704 1226 1772 compro·
1272 1748 1275 1753 .

56 1766 142 1847 bari,
185 1768 291 1831 deinde
323 1767 435 1832 indicia
461 1767 583 1828 lacunae
616 1764 699 1828 nulla
728 1764 986 1851 deprehenduntur
1011 1767 1045 1829 in
1070 1767 1123 1831 illo
1149 1769 1226 1851 loco,

56 1852 129 1937 quin
151 1852 245 1915 oratio
265 1853 308 1915 ita
329 1857 376 1915 est
396 1856 578 1936 comparata,
613 1854 645 1911 ut
665 1848 772 1935 optime
793 1848 959 1912 cohaereat.
1000 1847 1148 1916 Existimo
1168 1853 1228 1940 igi-

55 1943 105 2000 tur
128 1936 228 1999 omnia
248 1935 321 1998 haec
343 1935 379 1998 ad
400 1947 489 1997 unum
509 1931 689 2032 Gnesippum
711 1953 779 1996 esse
799 1931 968 2013 referenda,
991 1954 1112 2018 eumque
1132 1936 1228 2002 fuisse

57 2018 232 2086 Cleomachi
258 2019 365 2083 filium:
401 2024 482 2082 recte
508 2017 601 2104 igitur
627 2039 659 2080 un
691 2016 861 2104 fragmento
889 2038 929 2082 ex
956 2017 1050 2083 Horis
1078 2017 1227 2107 legiturci

56 2102 259 2184 Κλεομάχου,
293 2111 324 2168 et
347 2102 488 2167 hocloco
516 2101 722 2188 corrigendum
750 2108 797 2165 est
822 2102 874 2165 vix
901 2102 1001 2168 littera
1021 2110 1145 2169 mutata:
1177 2110 1227 2170 τά

57 2184 300 2269 Κλεομάχου.
344 2186 451 2252 Omnia
476 2192 571 2251 autem
598 2206 672 2270 quae
693 2185 742 2249 bic
761 2186 1033 2337 reprehenduntur,
1065 2190 1173 2278 optime
1194 2169 1228 2255 ih

58 2295 148 2338 unum
179 2273 269 2337 istum
295 2271 475 2360 Gnesippum
502 2270 623 2353 cadunt,
666 2290 751 2356 quem
818 2271 953 2338 hionides
986 2273 1063 2340 dixit
1097 2276 1228 2344 carmina

57 2357 242 2425 molliuscula
267 2378 456 2445 componere:

61 2489 64 2493 ,
147 2439 247 2506 Ταῦτ’
272 2441 308 2506 οὗ
322 2441 368 2520 μά
388 2441 453 2504 Ata
474 2433 651 2522 Γνήσιππος
672 2435 743 2502 οὐδὲ
762 2439 941 2526 Κλεομένης

139 2524 200 2591 Ἔν
220 2524 295 2591 ἐννέ’
320 2523 358 2588 ἂν
376 2526 506 2611 χορδαῖς
526 2519 777 2605 κατεγλυκάνατο.

57 2611 101 2677 Et
120 2618 221 2682 auctor
241 2610 417 2676 Helotarum
437 2608 573 2673 similiter
598 2608 710 2673 lasciva
731 2614 762 2672 et
780 2630 883 2699 parom
905 2615 986 2675 casta
1007 2609 1071 2675 eius
1092 2618 1228 2712 poemata

57 2717 127 2761 osse
149 2696 233 2761 dicit:
276 2717 341 2771 cum
388 2715 423 2759 uo
445 2694 567 2757 crimine
588 2693 772 2758 coniunctum
800 2701 847 2759 est
871 2694 960 2776 illud,
994 2697 1071 2781 quod
1090 2719 1123 2763 1n
1147 2695 1228 2762 Gne·

58 2782 189 2881 sippum,
223 2801 284 2845 non
309 2781 343 2852 in
368 2717 593 2859 Cleomachum,
628 2785 660 2842 ut
685 2778 857 2845 existimant
876 2780 1010 2844 homines
1031 2781 1123 2863 docti,
1157 2802 1228 2848 con-

56 2866 128 2931 iecut
154 2865 341 2947 Teleclides,
384 2864 568 2952 exprobrans
592 2862 638 2927 illi
669 2863 759 2928 vitam
791 2863 978 2930 libidinosam
1008 2872 1038 2930 et
1070 2867 1227 2931 abiectam:

56 2951 170 3040 pariter
181 2958 276 3014 autem
289 2971 363 3035 quae
374 2947 514 3015 Cratinus
526 2947 611 3030 dixit,
633 2948 731 3011 omnia
742 2949 794 3011 uni
815 2949 1003 3030 conveniunt,
1024 2972 1092 3016 uam
1105 2951 1228 3015 inEffe·

56 3035 178 3103 minatis
213 3035 328 3120 quidem
364 3042 464 3123 aperte
502 3054 616 3098 amores
648 3055 750 3121 parum
782 3033 923 3121 honestos
955 3033 1099 3123 Gnesippi
1130 3036 1230 3121 attigit

58 3121 154 3204 (recte
184 3120 395 3208 Dalecampius
421 3121 537 3201 ἐρῶντα
564 3117 721 3202 coniecit,)
758 3119 846 3182 etin
871 3116 992 3182 Bucolis
1021 3126 1106 3204 atque
1133 3118 1227 3184 Horis

56 3205 191 3273 carmina
218 3204 331 3269 lasciva
358 3211 388 3268 et
407 3203 547 3268 indecora
573 3223 640 3266 esse
666 3222 728 3265 non
753 3203 878 3266 obscure
904 3202 1073 3290 significat,
1124 3224 1227 3269 uorsus

56 3296 91 3355 ut
116 3290 180 3354 vita
205 3290 333 3355 bominis
360 3288 537 3352 carminibus
570 3287 746 3374 congruisse
777 3287 922 3351 videatur.
976 3287 1053 3352 Nam
1114 3288 1228 3353 retinas

56 3375 90 3439 in
110 3374 250 3456 Bucolis,
284 3395 349 3439 cum
370 3374 548 3461 gravissima
567 3372 772 3459 indignatione
794 3378 952 3435 commotus
974 3373 1105 3456 queritur
1125 3373 1161 3438 de
1182 3373 1229 3437 in-

57 3458 172 3526 iustitia
198 3459 360 3547 praetoris,
402 3459 538 3544 quinon
564 3457 658 3521 solum
687 3455 746 3520 sibi
777 3455 896 3520 chorum
924 3456 1131 3544 denegaverit,
1175 3457 1229 3525 sed

58 3545 147 3611 etiam
169 3543 346 3644 Sophoclem
361 3543 480 3607 fabulae
501 3543 649 3607 docendae
670 3541 809 3606 facultate
830 3540 1012 3628 spoliaverit,
1033 3563 1117 3626 quam
1140 3541 1229 3609 Cleo·

57 3630 162 3695 macho
185 3629 334 3709 cubuerit,
371 3628 422 3713 qui
447 3650 486 3692 ne
511 3628 543 3691 in
563 3626 711 3691 Adonidis
732 3624 848 3712 quidem
869 3625 1102 3692 solemnitatibus
1124 3627 1229 3692 admit·

58 3714 249 3795 tendussit,
283 3714 355 3778 satis
383 3721 483 3800 aperte
510 3712 660 3799 significat
684 3712 815 3775 carmina
841 3709 905 3773 eius
931 3711 1027 3777 luisse
1052 3734 1156 3800 pamm
1177 3712 1229 3777 de·

57 3799 170 3864 centia:
192 3820 260 3863 nam
282 3797 429 3863 Adonidis
451 3819 537 3862 sacra
558 3797 672 3860 abiecta
692 3802 777 3860 erant
797 3815 853 3857 uec
874 3795 947 3859 satis
968 3797 1108 3878 honesta,
1130 3797 1172 3861 ita
1192 3819 1228 3861 ue

58 3885 148 3949 etiam
176 3883 355 3964 cautilenae,
394 3905 468 3968 quae
490 3905 508 3946 a
529 3881 625 3946 choris
653 3882 848 3945 inhonorem
869 3879 918 3945 dei
937 3881 1151 3962 recitabantur,
1172 3818 1228 3947 la-

59 3968 154 4033 scivia
175 3975 206 4032 et
224 3968 345 4032 licentia
365 3975 450 4032 erant
468 3968 527 4031 insi
573 3988 623 4031 es:
650 3964 703 4029 sed
724 3964 761 4029 de
781 3963 929 4031 Adonidis
949 3965 1027 4031 festo
1048 3966 1128 4031 infra
1149 3965 1228 4032 dice·

59 4058 135 4118 tur..
161 4050 302 4118 Cratinus
325 4059 421 4116 autem
442 4074 507 4116 cum
553 4051 684 4138 ophocli,
718 4069 831 4114 summo
851 4058 971 4139 poetae,
1004 4072 1089 4136 quem
1117 4051 1228 4115 eximie

62 4136 181 4218 dilexit,
225 4135 432 4203 Cleomachum
459 4138 652 4224 antepositum
678 4155 745 4198 esse
775 4133 863 4216 dicit,
902 4135 1074 4222 significare
1099 4135 1227 4217 videtur,
1285 4197 1288 4203 .

23 4256 36 4293 ·,
62 4219 271 4299 Cleomachum
291 4241 349 4285 non
372 4222 467 4287 solum
486 4220 582 4306 lyrica
601 4219 732 4285 carmina
752 4239 815 4285 com
835 4219 962 4303 osuisse,
982 4219 1036 4287 sed
1056 4220 1227 4308 tragoedias

62 4324 175 4393 quoqne
195 4306 383 4375 exhibuisse:
405 4313 436 4372 et
454 4313 557 4395 aperte
576 4304 651 4372 illud
671 4303 742 4370 dicit
760 4302 810 4368 iu¹
846 4303 923 4396 oris:
