2760 4792
477 236 480 241 ·
560 205 963 281 COMMENTATIONES

609 582 801 653 CAPUT
843 581 896 654 lv.
963 683 966 693 Ι

254 802 377 892 Eupolis
397 801 431 866 in
452 800 498 895 Cp
517 802 579 885 ris,
600 809 632 868 nt
653 803 689 869 de
710 804 766 868 hac
786 801 888 869 fabula
907 822 1001 891 panca
1020 800 1163 887 quaedam
1182 800 1335 885 disseram,

171 888 323 956 mirificam
354 909 427 953 sane
448 822 623 979 et'lepiqlam
645 888 779 953 exhihuit
797 889 973 976 imaginem3
1000 886 1052 951 sed
1079 907 1154 972 quae
1181 894 1338 986 supersunt

172 980 304 1039 extrema
324 974 408 1057 quasi
429 972 568 1058 quaedam
595 973 774 1037 lineamenta
794 981 853 1037 tam
875 978 944 1036 sunt
965 971 1106 1054 evanida,
1132 981 1193 1036 tam
1209 978 1336 1055 -rueerm,

171 1065 230 1123 ίαιο
251 1057 375 1142 denique
396 1057 526 1145 disparia
547 1064 577 1121 et
597 1057 716 1122 diversa
735 1058 814 1121 inter
835 1080 887 1137 se,
916 1078 951 1121 ea
972 1064 1004 1120 ut
1023 1076 1169 1121 renovare
1189 1055 1336 1123 coloribus

170 1150 201 1206 et
227 1142 383 1206 conciliare
409 1143 488 1205 inter
514 1162 563 1222 se,
590 1141 717 1205 hominis
748 1142 932 1229 impudenter
953 1140 1071 1205 audacis
1098 1162 1167 1206 esso
1187 1139 1335 1207 videntum

168 1227 266 1311 itaque
301 1226 376 1310 quod
404 1226 567 1289 institutum
595 1233 625 1290 et
657 1227 837 1313 propositum
869 1226 960 1289 fuerit
992 1224 1159 1291 comoediae
1193 1244 1336 1311 quaerere

169 1310 363 1412 supersedeo:
390 1331 493 1374 verum
512 1330 613 1458 pauca
638 1311 778 1394 quaedam
808 1310 951 1374 illustrari
972 1316 1104 1398 possunt.
1144 1308 1187 1374 Et
1211 1310 1335 1411 primum

168 1395 283 1482 quidem
309 1402 430 1482 apparet
459 1415 512 1482 sop
534 1395 619 1458 istam
641 1395 784 1479 quendam
811 1395 1004 1459 introductum
1025 1415 1111 1477 esse,
1137 1394 1187 1480 qni
1211 1414 1336 1461 iuvenes

166 1478 266 1547 multis
292 1478 399 1542 litteris
427 1480 594 1563 artibusque
620 1479 803 1560 institueret,
831 1500 968 1565 quorsum
997 1480 1125 1568 pertinet
1144 1478 1223 1564 qnod
1245 1478 1336 1553 Quin·

167 1564 302 1629 atilianus
325 1563 394 1626 dicit
415 1561 439 1627 Ι.
456 1562 577 1644 1o,17:
599 1562 826 1645 „Transeamus
848 1565 941 1651 igitur
960 1563 992 1630 id
1002 1584 1126 1649 quoque,
1145 1563 1334 1651 quodgram·

165 1649 271 1716 matice
304 1647 448 1732 quondam
483 1669 517 1712 ac
550 1649 665 1713 musice·
691 1649 808 1712 iunctae
839 1648 975 1730 fuerunt,
1011 1648 1154 1734 siquidem
1181 1646 1334 1737 Archytas

166 1743 252 1819 atque
263 1730 464 1797 Aristoxenus
486 1732 572 1796 etiam
587 1732 745 1797 subiectam
767 1734 977 1819 grammaticen
997 1734 1126 1798 musicae
1146 1740 1333 1821 putaverunt,

166 1829 197 1883 et
216 1817 335 1883 eosdem
365 1819 515 1902 utriusque
535 1817 581 1881 rei
601 1828 806 1905 praeceptores
834 1817 927 1882 luisse
948 1839 1013 1881 cnm
1034 1815 1174 1966 Sophron
1192 1817 1332 1902 ostendit,

165 1904 317 1969 minumum
351 1901 466 1986 quidem
499 1902 639 1988 scriptor,
681 1923 766 1987 quem
793 1900 880 1966 Plato
911 1902 984 1966 adeo
1017 1922 1072 1989 pro
1092 1902 1170 1984 avit,
1202 1908 1236 1967 ut
1261 1922 1330 1991 snp-

163 1989 275 2076 positos
297 1986 384 2075 capiti
405 1986 497 2050 libros
519 1987 599 2065 eius,
621 2007 685 2050 cum
706 1992 885 2068 moreretur,
911 1986 1051 2050 habuisse
1070 1985 1221 2071 tradatur,
1261 2000 1329 2053 m

161 2074 322 2152 Eupolis,
343 2076 438 2148 apud
456 2093 550 2153 pacem
569 2072 757 2132 Prodamus
785 2084 819 2133 et
837 2072 984 2135 υιτιείστιτ
1005 2076 1197 2136 oblitteras
1218 2076 1327 2153 deceta

163 2165 194 2221 et
212 2156 356 2236 Maricas,
377 2155 426 2239 qui
448 2163 494 2218 est
515 2153 716 2240 Hyperbolus,
736 2153 812 2218 nihil
833 2175 867 2218 se
888 2177 927 2219 ex
947 2155 1067 2221 musicis
1089 2156 1177 2237 sciro,
1197 2155 1260 2221 nisi
1279 2154 1326 2221 lit-

162 2250 242 2307 teras
276 2240 439 2304 confitetur.
481 2237 697 2325 Aristophanes
724 2258 836 2322 quoque
868 2260 930 2303 nou
961 2261 1019 2304 uno
1051 2240 1117 2305 loeo
1143 2240 1188 2305 sic
1212 2240 1326 2305 institui

181 2345 268 2389 ueros
290 2323 448 2407 antiquitus
469 2321 571 2385 solitos
593 2342 660 2385 esse
682 2322 894 2387 demonstrat“
936 2323 982 2389 En
1022 2323 1111 2389 lidem
1131 2330 1228 2390 autem
1248 2324 1325 2389 hune

159 2346 306 2475 dominam
338 2408 370 2471 in
398 2406 505 2494 Capris
534 2407 806 2495 repraesentavisse
839 2408 924 2472 docet
948 2409 979 2473 T
1001 2409 1139 2475 eodosius
1164 2429 1195 2498 p.
1217 2409 1257 2475 11
1278 2408 1325 2475 cd.

160 2493 339 2580 Goettliug.:
383 2494 447 2579 Καὶ
479 2492 594 2577 φαμέν,
628 2487 670 2567 ὡς
691 2489 747 2554 οὐκ
774 2491 855 2555 ἔστιν
883 2491 1082 2569 ἀπαιδευσίας
1100 2489 1264 2578 τειιμῆριον
1288 2488 1325 2559 sd

122 2582 132 2627 :²
159 2575 236 2643 είναί
259 2603 326 2641 τινα
353 2574 570 2661 ἀγράμματον·
597 2579 646 2639 καὶ
673 2576 731 2660 γάρ
754 2573 770 2640 ὅ
793 2574 964 2661 φιλόσοφος
984 2575 1119 2643 Πλάτων
1138 2578 1172 2643 ἒν
1194 2578 1323 2665 Φαίδρῳ

158 2661 314 2744 διαβάλλει
336 2662 391 2727 τ“ν
418 2660 535 2745 εὕρεσιν
554 2666 615 2725 τῶν
635 2656 824 2744 γραμμάτων
845 2657 888 2736 ὡς
907 2665 956 2725 tat
977 2659 1058 2747 λάμη
1080 2661 1219 2739 παιδείας
1237 2686 1323 2749 γεγο-

158 2758 261 2812 νυῖαν·
288 2689 372 2833 {clod
388 2745 446 2830 γὰρ
469 2751 556 2830 <percpi
578 2743 634 2821 τῆν
656 2746 844 2830 φιλοσοφίαν
865 2742 959 2811 πάλαι
980 2745 1193 2812 ἐπαιδεύοντο·
1219 2744 1322 2811 dudd

156 2835 315 2914 ποιητικοῦ
342 2855 424 2906 τινος
449 2829 560 2913 ἀνδρὸς
586 2831 636 2893 καί
661 2835 811 2908 μουσικοῦ
837 2825 857 2910 ῆ
883 2835 946 2894 τῶν
970 2832 1126 2912 στοιχείων
1150 2822 1322 2918 εδρεσιςῆν

156 2921 206 2980 καὶ
235 2920 384 3023 μουσικῆς
404 2916 454 2977 καὶ
475 2918 700 2999 γραμματικῆς,
730 2909 773 2989 ὡς
793 2909 810 2977 d
832 2911 966 2992 Εάπολις
992 2910 1100 2999 εἰσάγει
1121 2916 1155 2981 δν
1172 2918 1249 2993 Αίξδ
1269 2916 1321 2981 καί

151 2998 327 3084 Ἰσοκράτης
347 3024 452 3080 ομοιον
472 3001 505 3064 ίν
525 3005 569 3085 τῷ
590 3001 656 3082 περὶ
678 2995 868 3074 άντιδάτεως.
889 3020 964 3086 quae
980 3000 1180 3066 emendatioris
1199 3000 1321 3077 exlllltel

154 3086 316 3152 Bekkecus
342 3086 373 3149 in
395 3084 556 3149 Auecdotis
584 3083 625 3149 T.
646 3082 702 3147 Ill.
723 3105 752 3170 p.
775 3084 871 3148 1168:
915 3082 960 3149 ὅτι
988 3086 1022 3149 δὲ
1051 3089 1211 3168 ποιητικοῦ
1237 3108 1319 3163 τινος

153 3169 336 3251 dedebeant
356 3174 505 3250 μουσικοῦ
526 3165 547 3250 ῆ
568 3174 630 3232 τῶν
649 3168 803 3249 στοιχείων
824 3165 939 3250 εὕρεσις
958 3160 1009 3252 ῆν,
1031 3179 1156 3253 σημεῖον
1176 3166 1318 3235 caudam

153 3255 224 3330 τοδς
246 3252 359 3329 αὐτοὺς
380 3251 454 3318 εἶναι
476 3250 680 3328 διδασκάλους
706 3255 756 3315 καὶ
777 3260 926 3333 μουσικῆς
946 3257 997 3317 καὶ
1018 3259 1249 3339 γραμματικῆς,
1276 3250 1319 3331 ὥς

153 3336 169 3403 ὅ
197 3338 332 3414 Εάπολις
358 3337 466 3421 εἰσάγει
493 3339 524 3402 δν
550 3341 641 3413 Αἰξίν
668 3342 733 3401 κτλ.
774 3336 951 3402 :laetissimo
985 3360 1058 3404 sane
1089 3338 1207 3403 vinctdo
1240 3338 1317 3429 apud

152 3425 282 3491 Graecos
304 3425 415 3487 musica
436 3445 498 3487 cum
521 3423 712 3510 grammatica
732 3428 797 3485 erat
809 3425 972 3504 coniuncta,
993 3424 1036 3487 ita
1056 3429 1088 3487 ut
1108 3424 1157 3509 qui
1177 3424 1317 3489 musicam

150 3510 373 3599 profiterentur,
395 3507 564 3595 plerumque
586 3507 672 3570 etiam
694 3506 833 3571 docerent
853 3509 1089 3592 grammaticam:
1111 3508 1209 3609 itaque
1229 3508 1316 3573 etiam

150 3595 276 3658 musices
289 3614 395 3656 nomen
411 3592 552 3656 latissime
565 3592 683 3679 patebat
697 3602 726 3653 et
737 3610 849 3655 omnem
867 3593 985 3656 omuino
995 3593 1147 3657 liberalem
1158 3592 1317 3657 institutio·

149 3700 216 3746 nem
230 3677 502 3764 comprehendebat,
523 3698 613 3760 quaro
623 3674 747 3763 Eupolis
761 3674 955 3741 Maricantem
976 3677 1102 3759 induxit,
1123 3678 1171 3762 qui
1188 3676 1265 3743 nihil
1281 3698 1315 3743 se

149 3785 188 3827 cx
201 3765 319 3827 musicis
331 3760 468 3825 didicisse
490 3761 548 3824 nisi
569 3760 682 3824 litteras
697 3761 901 3824 confiteretur:
924 3762 1082 3847 eodemque
1096 3782 1219 3848 prorsus
1228 3760 1315 3827 modo

147 3847 375 3934 Aristophanem
397 3867 481 3929 quern
502 3853 620 3910 secutus
641 3846 757 3909 videtur
776 3844 911 3932 Eupolis,
931 3846 964 3910 in
984 3845 1141 3933 Equitibus
1162 3867 1192 3913 v.
1213 3846 1293 3913 188:

224 3930 309 3996 Ἀλλ’
334 3922 436 4013 alpad'
460 3929 532 3994 οὐδὲ
551 3929 701 4011 μουσικὴν
721 3929 885 4009 ἐπίσταμαι

228 4014 320 4096 Πλὴν
339 4011 528 4099 γραμμάτων
549 4018 599 4078 καὶ
626 4021 725 4078 ταῦτα
744 4013 848 4094 μέντοι
869 4012 948 4078 κακά
969 4018 1082 4090 κακῶς.

142 4100 244 4185 ltaque
265 4100 313 4165 his
334 4100 513 4187 potissimum
525 4100 687 4187 disciplinis
708 4099 867 4182 antiquitus
888 4119 1044 4186 puerorum
1056 4099 1169 4164 animos
1191 4106 1310 4165 muetos

142 4188 290 4255 institutos
317 4206 384 4250 esse
414 4184 489 4250 dixit
510 4184 744 4274 AristoplraneS,
774 4184 806 4247 iu
833 4183 1062 4248 Daetalensibus
1089 4185 1215 4272 opinor,
1240 4206 1309 4249 nam

141 4293 236 4359 neque
256 4269 432 4341 inNubibus
453 4276 549 4361 neque
569 4270 602 4337 in
623 4270 683 4336 alia
700 4267 824 4355 quadam
843 4266 945 4334 sabula
966 4268 1124 4359 superstite
1144 4269 1203 4337 isto
1222 4268 1309 4337 modo
