2760 4792
135 194 200 266 ιιι
357 242 360 249 .
523 163 934 267 communemmns

134 365 174 434 X.
195 367 252 445 5⁰,
272 365 315 434 K·
335 362 414 453 1⁵4,
433 364 530 430 itaut
549 365 638 430 etiam
659 363 696 429 oa
716 364 832 450 omnia,
863 384 939 450 quae
958 361 1025 430 siue
1045 361 1167 431 fabulae
1184 366 1306 432 nomine

155 454 341 535 toleruntur,
372 450 492 515 adhoc
519 449 621 513 drama
647 449 815 514 reuocanda
844 449 1016 531 uideantur,
1041 450 1102 515 vid.
1122 450 1249 518 Photius
1275 472 1308 540 p.

115 475 247 688 ¹b98dl.
263 535 435 623 Hesychius
448 556 477 598 v.
493 534 629 610 Βοόδιος
640 543 671 598 et
679 533 1014 625 masimeDicaearchus
1035 535 1068 598 in
1088 534 1152 635 yita
1160 535 1307 636 &acciae

134 617 477 781 contradat·
489 619 790 787 spissia·
807 617 1308 813 caecitatemque

135 794 210 876 λέγει
231 791 264 854 ἐν
283 785 310 874 γ’
333 791 591 873 δειπνοσοφιστῶν
612 790 662 853 καὶ
684 789 717 853 ἓν
737 794 781 876 τῷ
802 785 832 870 η’
853 789 903 852 καὶ
931 788 1018 874 ἕτερά
1041 787 1137 854 αὐτοῦ
1159 791 1306 871 δοσματσ

139 869 351 960 Θορσοκόμος,
371 874 400 938 id
418 875 496 938 omni
510 874 723 963 probabilitatis
735 873 833 961 specie
841 879 935 938 caret:
957 893 1065 938 uereor
1076 874 1154 941 enim
1172 872 1307 941 neillnd

138 956 341 1047 Θορσοκόμος
362 959 403 1040 (si
425 980 598 1058 germanum
624 966 671 1023 est
690 958 877 1040 vocabulum,
904 964 986 1022 notat
1007 980 1088 1041 eum,
1115 959 1198 1024 cuius
1220 965 1309 1061 caput

136 1048 174 1112 ad
201 1045 328 1134 speciem
348 1044 447 1129 thyrsi
472 1044 584 1108 hedera
610 1050 657 1107 est
681 1044 858 1125 revinctum)
892 1063 1057 1151 cognomen
1088 1041 1180 1107 fuerit
1210 1043 1307 1133 ipsius

135 1130 277 1219 Lysippi,
298 1127 535 1214 quemadmodum
557 1127 764 1193 Aristomenes
788 1128 963 1206 Θοροποιος
983 1126 1033 1192 vel
1056 1126 1239 1213 Θοροκόπος
1259 1135 1308 1194 est

134 1217 295 1295 vocitatus,
317 1212 431 1278 Callias
452 1212 609 1292 Σχοινίων,
631 1213 682 1276 οΙίἰ
701 1212 796 1278 aliter.
838 1211 963 1276 Tertius
985 1212 1111 1297 denique
1132 1218 1221 1302 poeta
1239 1234 1309 1279 ror·

136 1322 188 1367 sus
210 1298 247 1364 ad
269 1295 433 1380 antiquiora
454 1304 584 1384 tempora
604 1296 750 1385 pertinet,
776 1296 840 1360 eius
863 1297 940 1360 enim
967 1295 1086 1362 labulae
1107 1306 1176 1362 ante
1196 1297 1307 1366 bobum

136 1385 212 1450 Pelo
232 1383 420 1447 onnosiaoum
451 1389 521 1444 sunt
551 1381 665 1462 editae,
701 1381 840 1447 archonte
868 1380 1051 1467 Lysimacho
1079 1382 1109 1446 h.
1131 1404 1158 1447 e.
1187 1380 1308 1473 Olymp.

254 1466 308 1535 vl.
332 1469 349 1530 1
373 1464 446 1546 (nisi
466 1465 543 1529 forte
564 1466 765 1552 Lysimachus
792 1466 819 1532 is
841 1474 975 1547 vocatur,
997 1466 1046 1549 qui
1068 1466 1142 1531 alias
1164 1467 1308 1554 Lysima-

136 1554 237 1620 chides
259 1551 339 1615 audit
360 1550 465 1635 quique
480 1549 816 1639 olympzhxxxssl.4
836 1550 896 1614 luit
933 1553 1045 1633 raetor)
1067 1557 1098 1615 et
1117 1550 1309 1638 Monychido,

136 1645 167 1705 et
185 1645 219 1703 ot
237 1636 354 1700 videtur
376 1633 561 1721 Euthymene
579 1634 630 1705 ¹rol
652 1635 679 1699 si
700 1635 785 1699 malis
797 1572 937 1722 Apseude
952 1642 1113 1757 praetore,
1135 1644 1215 1702 certo
1235 1656 1309 1725 quo·

135 1723 215 1788 niam
236 1723 268 1786 in
289 1720 372 1785 titulo
394 1719 451 1783 isto
463 1718 574 1807 legitur
587 1721 642 1782 ΥΣ
652 1720 972 1785 ΚΟΛΕΟΦΟΡΟΙ.Ι
984 1741 1092 1784 nomen
1112 1720 1259 1809 praetoris
1272 1721 1309 1789 irr

134 1809 195 1901 bb}
217 1821 326 1887 cadens
351 1820 524 1905 requiritur:
551 1820 696 1910 praetoris
724 1827 821 1885 autem
846 1841 955 1885 nomen
980 1840 1042 1885 non
1066 1819 1109 1885 ita
1129 1821 1219 1887 multo
1239 1830 1310 1913 post

133 1906 341 1995 Morycbidem
371 1906 545 1989 requiritur,
577 1907 619 1970 ita
651 1913 691 1975 ut,
708 1926 831 1992 prorsus
864 1906 991 1970 arbitrer
1025 1903 1099 1987 (ἔνι’
1129 1905 1309 1988 Evident-

135 1997 245 2077 ooloc
258 1986 467 2074 Κολιοφόροις
487 1990 673 2053 scribendum
687 2010 769 2052 esse:
790 1990 881 2053 luerit
899 1990 993 2088 igitur
1014 1990 1101 2055 etiam
1115 1991 1189 2056 baec
1204 1992 1308 2059 fanda

135 2079 221 2144 docta
236 2097 272 2141 oo
294 2083 350 2139 tem
372 2096 440 2155 ore,
461 2094 517 2158 quo
538 2073 712 2138 arctioribus
724 2072 856 2136 terminis
871 2081 990 2159 anoqua
1008 2075 1159 2140 comoedia
1170 2076 1228 2141 tuit
1247 2079 1308 2143 cir·

137 2167 295 2249 consepta.
336 2096 414 2224 Illud
440 2159 534 2245 igitur
563 2158 651 2222 facile
671 2156 795 2241 quilibet
812 2156 956 2244 intelligit
975 2165 1123 2225 auctorem
1143 2160 1222 2249 legis
1242 2182 1308 2231 noo
1344 2189 1347 2193 ·

134 2247 166 2313 id
188 2246 306 2333 egisse,
333 2251 364 2307 ut
385 2242 551 2306 comoediae
577 2261 699 2330 prorsus
720 2240 820 2305 nudae
841 2240 1031 2326 docerentur,
1057 2245 1253 2329 nequeenim
1272 2244 1307 2315 id

134 2351 227 2416 aequo
249 2329 346 2392 animo
363 2326 501 2390 tulissent
514 2323 726 2407 Athenienses,
747 2325 903 2413 praecipue
924 2347 989 2392 cum
1009 2330 1182 2394 coniunctae
1202 2336 1308 2397 essem

134 2417 210 2482 istae
231 2412 350 2478 labulae
370 2433 434 2475 oum
456 2410 549 2475 sacris
569 2409 681 2474 Bacchi
703 2410 955 2495 solemnitatibus,
976 2411 1031 2478 sed
1051 2420 1084 2477 ut
1103 2413 1306 2481 nimisoffre-

133 2508 205 2566 nata
225 2497 344 2563 licentia
364 2496 538 2561 comicorum
558 2502 709 2585 poetarum
730 2503 924 2561 coerceretur.

223 2583 281 2648 llla
320 2590 416 2646 autem
451 2580 516 2661 les,
565 2600 639 2664 quae
672 2580 732 2644 latu
770 2588 816 2645 est
849 2578 1027 2667 Monychide
1059 2588 1216 2669 praetore,
1263 2574 1310 2651 ad'

135 2667 329 2738 maledicendi
351 2666 515 2744 ‚licentiam
551 2664 753 2746 minuendam,
801 2665 984 2754 potissimum
1017 2675 1120 2730 contro
1147 2665 1306 2735 crasson

133 2755 252 2820 uidetur
271 2751 422 2840 proposita
442 2750 551 2814 fuisse:
586 2749 723 2834 aequales
752 2749 830 2814 enim
859 2759 962 2839 poetae
988 2771 1091 2815 omnes
1112 2750 1251 2815 videntrrr
1268 2751 1306 2819 ln

134 2836 342 2927 componendis
364 2833 472 2898 fabulis
494 2834 642 2919 antiquum
667 2855 779 2899 morem
806 2836 899 2900 secuti
925 2855 1010 2917 esse,
1037 2835 1079 2900 ita
1105 2841 1138 2900 ut
1160 2835 1306 2903 iocularia

134 2931 245 2989 tantum
267 2930 297 2985 et
317 2918 457 3000 ridiculo,
489 2919 557 2983 licet
585 2919 699 3005 frigido
726 2926 756 2982 et
782 2940 871 3008 saepo
897 2919 926 2984 le
964 2941 998 2984 re
1039 2941 1142 2984 rorsus
1163 2919 1306 2986 destituta

133 3010 166 3073 in
187 3006 313 3072 medium
335 3003 516 3092 proferrent:
538 3003 645 3073 iubos
667 3003 761 3091 igitur
778 3025 841 3081 non
862 3004 934 3069 cade
955 3012 985 3068 at
997 2941 1072 3069 illud
1082 3003 1305 3093 populiscitumz

133 3093 186 3160 sed
209 3090 350 3156 Cratinus
371 3089 483 3178 primus
504 3088 595 3152 multa
615 3089 735 3153 novavit
754 3089 899 3174 altiusque
920 3089 1027 3154 extulit
1046 3087 1214 3153 comoediae
1234 3109 1304 3191 pro-

132 3176 269 3267 positum,
290 3174 334 3241 ita
355 3182 386 3238 ot
397 3194 510 3237 summa
525 3173 880 3260 gravitateetscveritato
892 3189 963 3238 usus
985 3193 1182 3259 quaecumque
1194 3172 1304 3239 vitiosa

133 3270 164 3328 et
183 3260 276 3326 noxia
302 3257 560 3324 animadvertisset
587 3257 620 3321 in
645 3259 735 3323 rebus
760 3258 810 3325 vel
835 3256 959 3346 publicis
980 3258 1030 3323 rel
1051 3256 1237 3341 domesticis,
1265 3278 1304 3323 οι

132 3354 249 3411 notaret
270 3351 300 3409 et
319 3342 550 3432 perstringeret:
580 3342 611 3407 id
631 3364 704 3407 vero
725 3363 789 3407 cum
830 3342 958 3444 rincipes
980 3342 1106 3407 civitatis
1127 3362 1220 3430 aegro
1239 3342 1303 3410 ler-

130 3437 216 3513 rent,
244 3429 382 3494 videntur
407 3427 476 3515 lege
504 3427 639 3508 cavisse,
666 3449 705 3493 no
731 3426 791 3492 ista
810 3363 936 3492 licentra
962 3427 1050 3497 latius
1076 3433 1219 3515 serperet,
1260 3423 1303 3492 Et

132 3514 275 3583 Cratinus
303 3513 417 3598 quidem
450 3533 514 3576 cum
541 3534 600 3577 non
626 3519 729 3601 posset
754 3512 848 3577 libere
874 3533 958 3597 quem
979 3511 1070 3577 vellet
1093 3532 1223 3594 vexare,
1248 3507 1302 3577 illo

131 3602 197 3691 ipso
225 3615 370 3687 tempore,
411 3617 468 3745 quo
497 3597 663 3662 comoediae
695 3596 814 3660 licentio
838 3597 1013 3662 authoribus
1041 3597 1236 3684 circumsepta
1254 3600 1320 3661 est·

131 3685 283 3764 terminis,
309 3683 386 3748 hanc
426 3681 552 3746 abolam·
567 3702 652 3767 quam
670 3677 827 3755 Ὀδυσσεῒς
853 3680 1020 3771 inscripsit,
1048 3680 1165 3745 videtur
1185 3698 1302 3781 compo·

131 3773 245 3836 scisse:
266 3766 298 3832 id
319 3767 378 3832 nisi
397 3767 505 3832 fuisset
525 3765 762 3854 impedimentum
782 3766 945 3848 obiectum,
966 3763 1125 3847 Cratinus,
1149 3763 1232 3829 cuius
1252 3785 1303 3829 un·

172 3854 252 3918 nium
274 3852 432 3916 vehemens
459 3850 513 3916 sed
535 3871 713 3937 generosum
734 3857 765 3914 et
785 3850 904 3914 omnino
928 3849 1097 3999 Aeschpleo
1118 3848 1300 3915 simillimum

130 3877 203 4021 lauit,
245 3938 298 4002 vix
328 3935 555 4024 compescuisset
590 3956 703 3999 mosem
742 3933 987 4000 effervescentem
1039 3933 1300 4032 uxuriantemquec

130 4025 180 4179 qui
205 4043 262 4109 quo
283 4021 380 4122 animo
407 4020 499 4119 luerit
523 4017 741 4108 Aristophanes
762 4021 861 4085 aureis
881 4019 1017 4085 uersibus
1038 4019 1072 4084 in
1090 4016 1249 4105 Equihbus
1270 4039 1301 4083 v.

153 4110 194 4176 26
213 4107 694 4274 ldlddddllpbldc'nslddlbedwqudvoc,
715 4185 750 4264 ὃς
770 4191 875 4273 πολλῷ
896 4181 1009 4271 ῥεύσας
1030 4183 1095 4251 nos'
1119 4182 1235 4272 dnoqur

215 4277 281 4342 Διὰ
300 4280 363 4341 τῶν
384 4272 507 4360 ἀφελῶν
527 4274 639 4338 πεδίων
657 4271 738 4360 i'ppaa
759 4273 811 4336 ael
836 4278 891 4355 τῆς
911 4265 1051 4351 στάσεως,
1068 4265 1257 4357 napserim
