2760 4792
127 215 191 281 168
514 206 918 276 COMMENTATIONES

129 381 228 470 Hippo
256 380 350 468 igitur
375 377 401 442 si
427 375 614 465 Empedoclis
659 376 746 441 lacito
776 376 948 441 adversatus
975 382 1038 457 est,
1070 375 1099 441 id
1128 376 1204 463 quod
1230 397 1292 441 non

128 468 253 533 obscure
274 485 314 529 ex
323 461 494 527 Aristotelis
515 461 579 525 loco
600 397 778 549 ondigimns,
800 482 861 524 non
881 468 978 548 potest
999 460 1137 525 Thaletis
1158 460 1291 547 aequalis

127 573 195 618 csse
226 549 397 632 videturque
447 567 550 609 uorsus
583 546 620 611 ad
652 546 817 610 Pericleam
849 553 972 609 aetatem
1003 545 1178 611 referendus
1212 566 1293 611 csso.

211 633 412 701 Confirmatur
427 568 493 694 hoc
514 631 601 694 etiam
623 629 681 694 alio
703 637 895 718 argumento,
921 629 997 715 quod
1017 630 1128 694 relatus
1149 636 1196 694 est
1213 631 1296 695 inter

127 743 191 802 eos,
212 714 371 805 quiddam
392 721 547 780 vocantur:
569 715 626 779 vid.
648 715 823 779 Alexander
842 715 874 778 in
895 712 1049 778 Aristotel.
1069 715 1192 801 Physic.
1213 714 1234 779 l.
1256 714 1296 779 λε

130 810 234 869 Τοῦτο
262 802 295 865 δὲ
315 800 396 883 λε’γοι
418 797 456 863 ἂν
477 802 544 885 περὶ
566 798 663 863 αιἰτοῦ
690 795 737 863 ὅτι
758 797 854 876 ἄθεος
874 790 928 882 ἦν·
959 803 1079 864 τοιοῦτο
1100 798 1158 885 γὰρ
1185 801 1237 864 καί
1257 796 1297 865 τὸ

129 881 378 971 carracciaco
400 885 497 949 αὐτοῦ
520 885 711 969 ἐπίγραμμα·

207 969 356 1046 Ἵππωνος
376 966 446 1034 τόδε
467 975 573 1051 σῆμα,
595 968 648 1033 τὸν
668 961 853 1031 ἀθανάτοισι
874 971 993 1033 θεοῖσιν

275 1046 357 1121 *lca
378 1055 515 1136 ἐποίησεν
537 1056 648 1137 Μοῖρα
668 1053 909 1137 καταφθίμενον.

130 1140 216 1216 Quod
242 1140 356 1225 quidem
390 1140 573 1226 epigramma
598 1139 663 1227 ipse
690 1138 865 1224 composuit,
908 1137 984 1200 sicut
1008 1136 1166 1201 memoriae
1217 1136 1299 1203 rudit

131 1225 271 1291 Clemens
292 1223 383 1288 Alex.
410 1223 448 1287 ad
470 1222 557 1287 Gont.
583 1245 611 1311 p.
633 1223 690 1286 36:
728 1219 774 1285 Ού
803 1221 920 1302 νίμεσις
947 1223 1046 1284 τοίνυν
1078 1219 1149 1284 οὐδὲ
1168 1216 1183 1245 ‘¹
1196 1246 1300 1287 ππωνι

130 1311 389 1384 ἅπαθανατιζοισι
409 1307 463 1370 τὸν
475 1303 614 1371 θάνατον
634 1305 687 1369 τὸν
705 1302 833 1370 ἕαντοῦ’
856 1303 872 1369 ὃ
887 1303 1001 1369 Ἵππων
1021 1305 1080 1388 γὰρ
1093 1307 1301 1394 ἐπιγραφῆναι

131 1395 265 1458 ἐκέλευσε
292 1399 334 1478 τῷ
356 1388 497 1500 μνήματι
524 1397 567 1478 τῷ
595 1389 706 1456 ἑαυτοῦ
728 1387 853 1454 τόδετὸ
881 1391 1024 1473 ἐλεγεῖον·
1049 1389 1199 1467 Ἵππωνος
1228 1390 1301 1457 adde

131 1484 217 1561 σῆμα
239 1482 303 1541 κτλ.
326 1479 371 1539 Eu
387 1500 419 1558 γε
433 1475 548 1540 Ἵππων
569 1471 759 1550 ἐπιδεικνύεις
779 1471 852 1555 ἡμῖν
871 1475 928 1556 τὴν
949 1476 1146 1559 ἀνθρωπίνην
1167 1472 1301 1561 πλάνην·

132 1567 158 1629 εἲ
178 1562 236 1646 γὰρ
263 1563 312 1624 καὶ
336 1561 480 1624 λαλούντί
504 1585 553 1625 σοι
574 1560 619 1642 μὴ
641 1556 869 1639 πεπιστεύκασι,
897 1565 1003 1643 νεκροῦ
1024 1559 1217 1643 γενέσθωσαν
1235 1586 1304 1641 μα-

132 1648 243 1729 θηταί·
286 1642 438 1731 Χρησμός
464 1635 553 1721 σύτύς
579 1647 660 1710 ἔστιν
679 1642 843 1720 Ἵππωνος·
886 1644 1041 1725 νοήσωμεν
1068 1642 1171 1711 αὐτόν.
1219 1646 1304 1713 Hinc

132 1731 310 1797 Plutarchus
337 1731 405 1796 adv.
433 1728 549 1795 Stoicos
578 1753 603 1795 c.
631 1731 672 1795 31
716 1752 782 1793 eum
813 1751 878 1793 cum
905 1729 1067 1793 Theodoro
1105 1738 1135 1794 et
1164 1730 1305 1819 Diagora

134 1817 293 1904 componit:
340 1815 380 1879 Οἱ
390 1820 474 1924 γοῦν
494 1813 583 1879 ἄθεοι
605 1814 903 1900 προσαγορευθέντες
931 1805 1031 1890 οὗτοι,
1055 1810 1229 1901 Θεόδωροι,
1248 1816 1304 1881 aad

134 1897 302 1987 Διαγόραι,
324 1903 375 1964 καὶ
400 1903 536 1973 Ιππωνες
558 1899 614 1964 oda
636 1897 809 1982 ἐτόλμησαν
829 1903 935 1977 εἰπεῖν,
961 1899 997 1962 τὸ
1019 1904 1104 1962 θεῖον
1123 1897 1171 1963 ὅτι
1191 1905 1305 1985 φθαρ-

133 1985 187 2050 τύν
215 1988 311 2063 ἔστιν,
340 1984 409 2048 ἀλλ’
435 1984 491 2048 oda
517 1986 711 2058 ἐπίστευσαν,
739 1981 780 2057 ὡς
808 1981 871 2046 ἔστι
899 2008 928 2046 τι
956 1980 1109 2067 φθαρτόν.
1153 1993 1239 2071 atquo
1259 1986 1304 2051 ita

134 2072 261 2152 factum,
289 2076 321 2133 ut
341 2091 359 2132 a
379 2069 529 2132 nonnullis
552 2068 651 2167 Hippo
679 2072 834 2131 vocaretur
855 2066 983 2148 Melius,
1014 2069 1149 2152 quoniam
1175 2084 1208 2134 ut
1227 2070 1304 2137 Dia·

158 2176 244 2236 oras,
271 2154 401 2218 divinum
422 2174 530 2216 numen
552 2172 670 2215 omnmo
698 2151 854 2215 sustulisse
875 2151 1103 2237 credebatur⁹),
1126 2153 1184 2221 vid.
1207 2152 1304 2223 Cleua.

135 2178 227 2303 {lex-
250 2237 372 2303 Cohort.
393 2236 431 2300 ad
453 2236 540 2300 Gent.
561 2257 589 2322 p.
613 2236 668 2300 15:
699 2231 873 2315 Θαυμύζειν
894 2233 990 2300 ἔπεισί
1007 2261 1081 2315 μοι,
1110 2234 1171 2324 ὅτῳ
1196 2236 1304 2327 τρόπῳ

135 2321 296 2405 Εὐήμερον
316 2318 369 2383 τὸν
389 2317 623 2402 Ἀκραγαντῖνον
651 2321 701 2382 καὶ
723 2314 882 2403 Νικάνορα
909 2318 963 2383 τὸν
982 2319 1125 2405 Κύπριον
1149 2326 1201 2387 καλ
1222 2322 1310 2389 Δια-Ι

135 2403 231 2491 γόραν
257 2407 307 2468 καὶ
322 2401 458 2467 Ἵππωνα
485 2403 538 2467 τὸν
559 2401 685 2486 Μήλιον
706 2441 763 2485 -,
784 2405 834 2467 uhi
854 2405 955 2468 nescio
977 2427 1016 2468 an
1037 2407 1245 2493 corrigendum
1266 2410 1307 2475 sit

136 2496 209 2566 τούς
237 2491 382 2572 Μηλίους
409 2489 510 2553 eodem
537 2496 638 2575 pacto,
678 2510 734 2574 quo
770 2496 923 2574 utrumque
949 2490 1153 2579 philosophum
1179 2493 1306 2561 Meliora

136 2584 223 2641 vocat
243 2574 396 2640 Arnohius
416 2573 470 2642 lv.
491 2573 548 2637 29:
586 2578 637 2636 Ec
653 2597 829 2654 pessumas
851 2580 982 2657 qaidea
1002 2576 1062 2638 hoc
1088 2584 1125 2639 ιἰι
1147 2583 1218 2641 loco
1241 2602 1306 2643 σαι-

137 2686 198 2725 aes
220 2670 303 2727 istos
323 2663 426 2733 aedis,
449 2681 531 2741 qaas
553 2665 714 2721 iadace'a's
729 2675 830 2741 atqae
847 2666 1032 2741 appellate
1049 2666 1137 2738 dces,
1160 2664 1307 2729 homiues
1328 2668 1332 2677 '

132 2751 248 2824 faisse
279 2759 479 2818 moastrare,
514 2749 572 2805 ael
598 2746 842 2825 Agragantino
873 2749 1038 2808 Eaemero
1070 2755 1234 2827 replicato
1264 2784 1307 2799 -

139 2837 199 2894 val
226 2833 393 2892 Nicanore
423 2832 567 2909 Cyprio,
602 2834 659 2891 ael
691 2833 829 2891 Pellaeo
860 2832 1003 2906 Leonte,
1037 2838 1095 2893 ael
1122 2837 1307 2915 Cyrenensi

145 2915 332 2987 Theodoro,
361 2918 419 2974 cel
435 2917 593 2993 Ηλμμοαο
616 2935 656 2974 ac
677 2917 840 2995 Diagora
860 2917 989 2976 Meldis.
1033 2915 1100 2979 Hoc
1127 2926 1223 2982 autem
1251 2918 1309 2983 cri·

139 3021 208 3064 men
228 2998 354 3062 maxime
375 2997 444 3061 inde
466 3019 484 3060 a
504 2997 632 3061 Periclis
663 3006 758 3062 aetate
787 2999 818 3060 in
844 2999 1034 3086 philosophos
1062 3008 1108 3063 est
1133 3003 1308 3085 coniectum,

140 3083 275 3169 quoniam
308 3103 372 3144 cum
405 3081 441 3145 de
474 3103 573 3145 rerum
607 3090 713 3147 natura
752 3082 979 3170 diligentissimo
1011 3094 1209 3169 quaererent,
1252 3088 1310 3153 etsi

140 3170 233 3256 ipsam
256 3167 416 3231 doctrinam
443 3166 563 3257 propius
592 3167 629 3231 ad
655 3168 705 3245 id,
734 3167 810 3251 quod
837 3188 979 3232 summum
1007 3178 1068 3250 est,
1101 3171 1308 3257 admovebant,

141 3262 238 3317 tanmn
276 3251 420 3340 principio
453 3251 616 3315 castitatem
648 3251 882 3339 religionemque
918 3252 1039 3318 deorum
1079 3254 1309 3341 imminuebant,

142 3358 206 3401 cum
233 3336 384 3417 homines,
427 3336 476 3420 qui
503 3342 590 3400 antea
615 3356 731 3401 omnem
757 3336 836 3400 hunc
866 3336 1003 3402 muudum
1029 3348 1165 3423 tanquam
1187 3341 1311 3409 deomm

142 3420 317 3486 domicilium
345 3442 395 3484 sus
416 3427 560 3502 exerant,
593 3420 651 3484 iam
677 3421 917 3521 philosophorum
944 3422 1060 3509 placitis
1082 3424 1178 3489 edocti
1203 3428 1310 3512 quihus

142 3506 266 3591 quidque
287 3507 373 3569 lieret
392 3442 510 3590 degibus
532 3506 686 3590 causisque
706 3514 922 3594 perspicerent:
954 3507 996 3571 ita
1021 3508 1129 3573 sactum
1155 3516 1189 3574 ut
1214 3512 1312 3600 philo·

143 3591 248 3678 sophia
274 3596 392 3653 teneros
419 3589 689 3678 facilesquevulgi
711 3591 841 3672 animos,
875 3591 923 3676 qui
948 3591 1042 3680 ipsam
1068 3595 1223 3661 veritatem
1248 3618 1312 3661 non

144 3676 217 3740 satis
239 3680 335 3738 mente
356 3681 386 3738 et
406 3676 584 3760 cogitatione
595 3681 719 3763 possent
737 3676 867 3761 assequi,
888 3685 1087 3766 corrumperet
1106 3680 1203 3768 magis
1224 3700 1313 3767 quam

146 4014 153 4026 .
213 3946 240 4013 ⁸)
253 3946 380 4027 ,Prorsus
397 3947 489 4001 eodem
506 3947 585 4000 modo
602 3949 724 4002 Socrates
741 3947 811 4017 apud
826 3946 1031 4020 Aristophanem
1053 3952 1201 4019 appellatur
1215 3950 1314 4007 neuun

130 4031 174 4067 mu
190 4014 353 4133 NUbiiid'i’J·
364 4014 449 4140 iiiia
464 4074 614 4148 βασιλεύει,
632 4076 681 4134 τὸν
697 4078 744 4131 Δί’
765 4075 939 4147 ἐξεληλακώς.
982 4062 986 4069 ’

250 4149 351 4200 ΦΕῘΔ.
385 4151 471 4216 Alfio?
484 4153 512 4200 τί
525 4150 631 4219 ληρεῖς,·
665 4150 748 4200 ΣΤΡ.
766 4147 841 4209 ”Iade
857 4146 935 4203 τοῦθ’
957 4144 1044 4210 οὕτως
1060 4149 1136 4220 ἔχον.

221 4277 229 4287 ,
251 4217 351 4267 afim.
388 4220 437 4275 Τίς
453 4228 523 4286 φησι
539 4216 638 4279 ταῦτας
672 4218 754 4268 ΣΤΡ.
778 4211 926 4289 Σωκράτης
942 4212 957 4270 ὁ
975 4210 1085 4284 Μήλιος

243 4284 300 4335 Καὶ
317 4285 484 4356 Χαιρεφῶν,
509 4277 539 4341 ὃς
555 4274 614 4335 οἶδε
632 4279 665 4337 τὰ
683 4284 797 4351 ψυλλῶν
815 4286 887 4351 ἴχνη.
