2760 4792
259 260 261 263 v
326 227 385 293 DE
406 225 549 300 asmo.
571 220 759 293 COMOED.
782 218 889 291 ATT.
909 222 1057 301 ANTIQ.
1207 224 1269 293 175

102 416 225 476 censeo,
246 414 307 459 non
329 396 365 459 ab
385 394 447 459 illis
467 396 555 459 rebus
577 393 726 476 adversis,
748 413 823 477 quae
843 392 875 455 in
897 392 961 456 eius
983 394 1081 458 animo
1102 414 1120 458 o
1140 394 1269 461 inionem

102 481 138 546 de
159 481 260 544 divina
281 480 465 567 providentia
485 479 711 544 labefactavisse
733 479 902 557 traduntur3
923 477 982 541 vid.
999 476 1100 543 Schol.
1162 481 1267 569 'stoph

101 565 179 629 Nub.
201 587 230 628 v.
253 566 318 629 820
344 565 393 651 qui
420 565 505 629 dicit:
548 561 708 650 Διαγόρας
728 560 746 626 ὁ
768 560 910 644 Μήλιος,
932 559 967 637 ὃς
993 563 1029 626 τό
1058 560 1205 649 πρότερον
1231 557 1269 647 ἦν

101 647 268 730 θεοσεβής,
296 646 564 732 παρακαταθήκην
590 645 651 712 tud
671 670 753 723 τινος
780 647 1001 731 ἀποστερηθεὶς
1032 649 1080 711 ἐπὶ
1113 647 1149 712 τό
1174 647 1270 714 ἄθεον

102 733 281 816 ἔξέδραμενι
302 741 333 797 et
348 733 457 798 Suidos
479 735 520 799 Τ.
533 734 558 798 l.
578 729 685 823 pbbss
703 734 798 798 inlra:
816 729 989 815 Ἔπεκλήθη
1011 733 1045 795 dd
1065 729 1170 811 ἄθεος,
1192 731 1270 799 διότι

101 822 194 900 spiro
225 815 377 896 ἐδόξαζεν,
405 817 463 905 ἀφ’
492 809 531 882 od
555 840 602 894 τις
633 816 796 900 ὁμότεχνος
827 818 978 892 αἰτιαθεὶς
1009 813 1065 880 ὑπ’
1094 816 1191 882 αὐτοῦ
1228 817 1269 896 ὡς

101 908 219 966 παιᾶνα
236 900 439 988 ἀφελόμενος,
461 900 496 967 ὃν
512 892 606 979 ababa
626 902 806 986 ἐπεποιήκει,
828 898 1003 981 ἐξωμόσατο
1025 901 1070 984 μή
1092 903 1270 988 κεκλοφέναι

100 992 221 1064 τοῦτον,
242 988 352 1093 μικρὸν
372 989 406 1052 δὲ
426 987 554 1071 ὕστερον
575 986 797 1066 ἐπιδειξόμενος
819 982 913 1051 αὐτὸν
934 985 1139 1070 εὐημέρησεν·
1168 991 1269 1053 ἐντεῦ-

101 1078 160 1137 θεν
181 1072 369 1156 όΔιαγορας
390 1075 538 1156 λυπηθεὶς
559 1072 675 1159 ἔγραψε
687 1074 760 1149 τοὺς
780 1071 987 1150 καλουμένους
1008 1070 1270 1155 ἀποπυργόζουτας

102 1155 220 1240 λόγους.
262 1156 373 1225 Verum
393 1158 468 1224 haec
493 1161 558 1224 sive
580 1161 647 1224 licta
672 1166 762 1239 sunt,
784 1160 848 1222 sive
869 1159 911 1221 ita
931 1165 963 1220 ut
980 1165 1083 1243 gesta,
1111 1158 1269 1224 memoriae

122 1242 229 1323 rodita,
251 1244 307 1307 etsi
319 1264 379 1307 non
399 1245 550 1309 continent
561 1245 729 1333 primariam
741 1244 828 1307 huius
849 1243 1007 1330 impietatis
1020 1262 1149 1324 causam,
1171 1251 1269 1308 tamen

101 1262 275 1394 documento
297 1336 375 1410 sunt,
396 1330 490 1429 qualis
511 1329 601 1393 fuerit
611 1329 765 1417 Diagorae
781 1329 905 1392 animus.
926 1326 1003 1390 Nam
1020 1336 1199 1415 quantopere
1219 1329 1271 1393 ille

102 1414 272 1477 reverentia
292 1414 478 1501 etrelignone
490 1414 610 1478 deorum
625 1415 763 1494 caruerit,
783 1413 836 1476 illa
857 1433 969 1496 quoque
990 1413 1082 1498 ipsius
1096 1433 1154 1476 vox
1176 1412 1271 1495 docet,

104 1497 186 1561 cuius
197 1499 364 1562 memoriam
376 1500 506 1563 servavit
516 1497 624 1564 Cicero
634 1498 671 1563 de
683 1498 798 1562 Natura
809 1497 899 1561 Deor.
912 1497 1022 1561 Inar:
1042 1498 1107 1579 „At
1117 1498 1269 1584 Diagoras

103 1602 168 1647 cum
190 1580 420 1646 Samothraciam
441 1584 575 1649 venisset
595 1580 689 1656 ἄθεος
709 1583 761 1646 ille
783 1583 831 1666 qui
853 1581 973 1661 dicitur,
996 1592 1081 1667 atque
1103 1583 1131 1646 ei
1153 1583 1269 1667 quidam

104 1667 229 1743 amicus,
252 1667 314 1746 Tu,
335 1668 384 1751 qui
406 1667 477 1730 deos
496 1675 581 1753 putas
602 1667 730 1728 humana
750 1666 919 1762 negligere,
939 1686 1038 1730 nonne
1059 1667 1269 1731 animadvertis

104 1770 144 1816 ex
164 1759 208 1815 tot
233 1751 350 1814 tahelhs
371 1751 472 1838 pictis,
495 1770 579 1833 quam
609 1749 693 1812 multi
719 1750 795 1811 votis
816 1768 876 1810 vrm
900 1751 1081 1835 tempestatis
1108 1749 1271 1837 effugerint
1359 1744 1370 1759 ⁸

103 1835 135 1900 in
157 1842 328 1937 portumque
349 1834 425 1897 salvi
463 1833 650 1897 ervenerintt
692 1831 738 1896 lta
760 1833 808 1912 lit,
828 1832 936 1915 inquit:
963 1833 1008 1896 illi
1029 1835 1107 1896 onim
1128 1855 1269 1918 nusquam

103 1921 175 2009 pictr
197 1925 281 1999 sunt,
302 1919 351 2002 qui
373 1854 561 2004 naudagium
581 1917 717 1980 fecerunt
736 1915 769 1979 in
790 1916 921 2000 marique
941 1918 1101 2004 perierunt.
1131 1917 1270 2003 Idemque

105 2026 170 2069 cum
198 2002 227 2066 ei
248 2004 402 2090 naviganti
424 2012 573 2080 vectores,
595 2001 721 2065 adversa
746 2007 918 2089 tempestate
943 2002 1036 2066 timidi
1067 2024 1101 2067 ac
1120 2004 1271 2090 perterriti

104 2088 248 2168 dicerent,
269 2108 329 2151 non
349 2088 459 2151 iniuria
474 2087 531 2150 sibi
551 2085 624 2150 illud
646 2086 790 2167 accidere,
810 2087 859 2170 qui
880 2086 960 2150 illum
983 2088 1014 2150 in
1030 2087 1152 2151 eandem
1165 2107 1271 2153 navem

106 2173 301 2261 recepissent:
334 2172 462 2236 ostendit
489 2172 532 2234 els
559 2171 590 2233 in
613 2170 714 2234 eodem
741 2191 829 2234 cursu
858 2171 964 2236 multas
993 2172 1067 2236 alias
1090 2171 1270 2254 laborantes,

105 2257 305 2342 quaesivitque
331 2272 400 2320 num
422 2257 508 2321 etiam
530 2256 561 2318 in
588 2255 627 2319 iis
649 2255 772 2319 navibus
794 2256 958 2355 Diagoram
980 2256 1048 2321 vehi
1070 2257 1271 2322 crederent!“

107 2341 245 2406 llominis
267 2342 344 2406 enim
365 2341 517 2427 ingenium
540 2341 566 2403 ri
583 2348 663 2404 recto
676 2360 800 2404 noscere
815 2341 889 2404 velrs
910 2362 971 2404 non
993 2341 1086 2405 solum
1107 2343 1171 2406 eius
1192 2342 1272 2407 facta

143 2425 313 2491 rlustranda
334 2435 384 2490 aut
410 2426 478 2489 libri
504 2425 606 2512 scripti
635 2424 822 2488 examinandi
849 2434 931 2507 sunt,
960 2447 1131 2511 quamquam
1158 2446 1197 2490 ex
1223 2428 1271 2492 his

122 2511 245 2576 acillime
267 2511 429 2598 optimoque
470 2528 524 2573 uae
545 2510 610 2593 quis
623 2510 721 2596 egerit
741 2511 906 2574 senseritve
927 2510 1100 2598 perspicias,
1122 2511 1175 2575 sed
1196 2513 1272 2576 ratio

109 2596 196 2660 etiam
222 2595 358 2658 habenda
383 2602 430 2658 est
450 2530 607 2674 dictorum,
650 2612 724 2678 quao
751 2594 957 2683 propemodum
984 2596 1077 2659 inrito
1104 2599 1273 2682 praesentia

109 2681 157 2744 vol
176 2680 325 2767 inopinato
352 2680 466 2743 oblatus
488 2700 574 2743 casus
595 2684 767 2763 extorquet:
800 2682 873 2744 haec
894 2680 972 2744 enim
1000 2679 1161 2743 dictarum
1183 2701 1273 2769 saepo

110 2765 276 2829 nolentibus
298 2764 478 2845 exciderint,
505 2765 729 2848 necquicquam
751 2764 791 2827 sit
811 2765 892 2828 locus
914 2764 1093 2829 simulationi
1114 2772 1164 2828 aut
1184 2764 1273 2830 dissi·

110 2850 272 2929 mulationi,
293 2849 461 2912 testimonia
480 2849 673 2936 integerrima
690 2848 802 2935 lideque
823 2850 999 2936 dignissima
1020 2849 1170 2914 censenda
1190 2857 1272 2914 sunt:

111 2954 165 2998 nec
185 2933 271 2998 latuit
290 2934 345 2998 hoo
365 2942 498 3013 veterem
519 2930 616 3018 itaque
637 2954 735 2997 rorum
757 2943 907 3021 gestarum
928 2936 1086 3022 scriptores
1097 2954 1157 2998 non
1178 2934 1273 3000 solum

111 3018 189 3083 facta
200 3019 327 3082 virorum
350 3019 493 3082 clarorum
534 3017 715 3099 rodiderunt,
737 3018 789 3082 sed
811 3018 1011 3104 dictaquoque
1033 3038 1176 3103 vocesque
1198 3019 1275 3083 litte·

111 3104 153 3167 ris
175 3103 444 3190 consignaverunt,
469 3038 573 3187 quibos
593 3122 691 3167 rerum
713 3112 863 3190 gestarum
891 3104 1060 3168 memoriam
1081 3103 1274 3170 illustrarent.

113 3186 267 3275 Diagorae
298 3197 392 3251 autem
418 3188 545 3252 animum
574 3188 692 3252 deorum
715 3196 921 3253 contemtorem
949 3189 1043 3253 luisse
1065 3188 1165 3275 arguit
1186 3188 1274 3254 etiarn

112 3270 163 3337 illa
184 3273 253 3337 licta
280 3271 408 3336 sortasse
435 3274 564 3336 narratio
586 3273 623 3338 de
645 3273 784 3336 Herculis
806 3270 961 3337 simulacro
994 3273 1112 3359 ligneo,
1139 3271 1216 3356 qnod
1241 3273 1275 3338 in

110 3355 212 3443 ‚ignem
234 3357 369 3439 coniecit,
390 3380 457 3439 age
475 3366 545 3420 tam
565 3362 868 3421 terciumdecimum
889 3358 1066 3439 αεκυακοιι,
1087 3357 1192 3506 inquit,
1213 3362 1275 3422 udo·

115 3448 357 3506 exantlandnm
379 3457 438 3506 ert.
459 3443 518 3506 vid.
541 3441 635 3507 Clem.
656 3442 770 3507 adhort.
793 3442 839 3506 ad.
862 3441 949 3506 Gent.
971 3464 998 3530 p.
1015 3445 1061 3508 ta.
1083 3439 1124 3506 Sc
1145 3442 1184 3507 ol.
1204 3442 1277 3508 Ari·

116 3527 208 3615 stoph.
228 3526 309 3593 Nub.
326 3546 358 3590 v.
380 3528 453 3592 820.
495 3527 596 3611 ltaque
629 3547 688 3590 non
715 3528 819 3591 mirum
848 3535 907 3608 est,
941 3527 968 3590 si
993 3525 1211 3610 Athenienses,
1243 3528 1276 3592 in

95 3644 97 3649 .
134 3631 235 3676 uorum
267 3613 373 3675 animis
404 3613 491 3676 etiam
525 3619 608 3694 tunc,
651 3633 715 3676 cum
743 3635 760 3676 a
787 3612 928 3694 maiorum
961 3632 1042 3677 more
1071 3620 1101 3676 et
1132 3614 1277 3702 probitate

85 3714 88 3719 ·
116 3630 320 3777 descivissent,
341 3697 438 3780 aliqua
459 3697 551 3760 divini
572 3697 700 3762 numinis
719 3698 888 3761 reverentia
908 3704 993 3797 atque
1013 3697 1121 3784 religio
1141 3699 1279 3762 inhaere·

116 3777 178 3861 bnt,
200 3789 282 3844 tanto
303 3781 398 3845 studio
421 3782 585 3868 Diagoram
608 3782 714 3845 finibus
742 3783 804 3845 sois
826 3783 1100 3847 exterminaverint:
1144 3789 1279 3849 auctores

119 3872 210 3929 autem
232 3864 316 3930 exilii
337 3867 463 3930 maxime
484 3869 604 3930 fuerunt
621 3888 719 3930 rerum
741 3886 890 3931 sacrarum
913 3867 1074 3950 antistites,
1095 3867 1154 3932 vid.
1172 3867 1280 3935 Iulian.

119 3946 168 4013 Dr.
189 3949 243 4030 Vl.
265 3972 294 4039 p.
313 3950 394 4015 190:
437 3947 589 4040 Διαγόρρι1
614 3955 691 4037 φασὶ
723 3957 768 4038 τῷ
811 3952 1050 4033 nosocomorum
1076 3952 1131 4028 τὰς
1158 3952 1279 4031 τελετὰς

120 4032 298 4118 πανηγύρεις
311 4059 349 4099 τε
370 4033 443 4119 παρ’
466 4035 572 4112 αὐτοῖς
599 4039 648 4099 καὶ
669 4030 823 4119 μυστήρια
845 4042 992 4101 τοσοῦτον
1012 4040 1186 4120 ἐπιμηκῖσαι
1207 4038 1281 4114 toric

121 4123 178 4181 τῶν
198 4119 288 4203 ἱερῶν
307 4119 541 4205 προεστηκότας,
563 4117 639 4186 ὥστε
662 4130 726 4195 τοῖς
748 4120 998 4208 ἀποσφάττουσιν
1019 4121 1113 4185 αὐτὸν
1134 4122 1280 4208 ἀργυρίου

121 4199 266 4269 τάλαντον
287 4201 489 4293 ἐπεκύρωσαν.
531 4206 595 4271 lam
622 4227 678 4293 quo
703 4212 833 4296 tempore
857 4208 932 4273 illud
958 4204 1096 4273 acciderit
1125 4224 1280 4296 possumus

123 4292 267 4358 commode
294 4313 334 4357 ex
360 4295 425 4382 ipso
451 4293 654 4383 Aristophane
681 4293 842 4378 conficere,
868 4292 920 4380 qui
944 4291 978 4359 in
1002 4291 1119 4358 Avibus
1147 4314 1174 4357 v.
1197 4293 1279 4359 1071
