2768 4770
282 150 348 264 'on
369 195 513 272 nomo.
534 192 722 263 οοιιοσο,4
741 191 848 261 arr.
869 192 1016 270 sumo.
1163 194 1229 269 ιιι

64 369 209 457 Διονύσῳ
231 367 361 454 άσκητῇ.
380 369 424 433 ita
442 366 534 453 vulgo
554 364 583 431 le
607 365 680 445 tur,
700 364 753 431 sed
774 386 851 430 uuus
872 366 967 431 codex
987 364 1072 452 stupui
1080 363 1231 450 Ἀριστο·

62 461 139 542 μένῃ
167 459 198 520 ἐν
226 456 373 538 ἀσκητοῖς
400 452 530 517 exhibet.
601 450 731 537 ulgatam
759 457 855 515 autem
876 451 1043 516 comoediae
1063 452 1231 542 inscriptio·

64 566 131 607 nem
153 542 270 606 dubiam
291 539 389 604 reddit
409 538 567 601 auctoritas
580 536 740 616 Athenaei,
762 538 811 621 qui
833 536 944 600 duobus
966 537 1038 601 locis
1060 538 1232 626 simpliciter

63 625 218 735 Δμίνοσον
238 626 367 708 fabulam
389 623 533 712 appellat,
552 621 635 690 Xlll.
654 643 684 709 p.
705 622 769 688 6⁵0
789 621 836 685 D:
853 620 1080 707 Ἀριστομένης
1100 625 1133 689 ἐν
1152 624 1232 690 Λιο-

64 738 146 778 vvow
215 733 278 777 σίν·

128 738 282 879 “chillone
303 794 360 861 ούκ
382 789 466 858 οἶσθ’
490 787 532 868 ὥς
552 787 750 873 ἁμαμηλίδας
770 798 857 855 ποιεῖ.

63 893 94 949 ct
120 906 149 972 p.
169 885 233 950 658
254 881 299 946 A:
328 875 532 944 Ἀλιαάστων
558 878 592 941 δὲ
617 882 712 962 κρεῶν
737 870 918 959 μνημονεύει
944 871 960 940 ὃ
988 880 1043 958 τῆς
1068 876 1231 966 κωμῳδίας

63 968 190 1051 ποιητὴς
206 965 435 1051 Ἀριστομένης
459 964 491 1028 dr
511 957 674 1048 Διονύσῳ·

144 1051 328 1117 Ἀλίνιαστα
349 1056 447 1114 ταῦτα
468 1046 665 1131 παρατίθημί
683 1069 732 1110 σοι
753 1045 838 1130 κρία.

61 1139 105 1203 ita
133 1140 211 1202 enim
238 1158 358 1201 versum
385 1133 566 1219 redintegro.
606 1131 798 1213 Athenaeus,
830 1131 879 1216 qui
904 1131 982 1196 solet
1007 1131 1040 1194 in
1066 1131 1113 1196 his
1140 1132 1230 1197 rebus

62 1230 228 1288 accuratam
251 1216 442 1308 diligentiam
462 1216 619 1299 adhihere,
643 1216 775 1307 prolecto
797 1218 828 1279 lv
849 1213 994 1302 Διονύσῳ
1016 1215 1134 1301 άσκηιῇ
1156 1217 1231 1280 scri-

61 1308 188 1396 psisset,
222 1307 249 1371 si
275 1307 317 1370 ita
343 1302 492 1367 comoedia
512 1308 616 1366 vocata
643 1308 731 1366 osset.
773 1300 877 1386 Neque
899 1303 975 1366 euim
1006 1301 1088 1365 licuit
1108 1301 1231 1367 alterum

60 1394 184 1456 verbnm
211 1390 317 1469 omitti,
360 1407 419 1451 nou
446 1386 542 1473 magis
569 1408 653 1471 quam
680 1385 798 1470 siquis
825 1387 928 1450 citaret
947 1385 1171 1473 Aristouymum
1198 1388 1231 1451 lv

55 1475 164 1562 Ἡλίῳ,
186 1496 245 1538 non
267 1471 401 1558 ἒνἩλίῳ
424 1469 566 1557 ῥιγοῦντι,
589 1479 639 1534 aut
651 1471 807 1535 Platonem
829 1473 982 1549 ίνΝυκτί,
1004 1492 1066 1535 non
1087 1473 1118 1536 ἐν
1131 1472 1229 1535 Nunti

73 1567 175 1649 ιακρᾷ.
218 1558 279 1624 Sed
307 1580 411 1622 verum
441 1555 560 1620 fabulae
590 1554 704 1619 titulum
731 1555 825 1619 luisse
851 1578 958 1621 censeo
986 1553 1181 1633 Διόνυσος
1208 1553 1228 1639 ἢ
1333 1586 1341 1603 ·

70 1650 106 1711 Α
111 1646 257 1726 σκηναί.
300 1642 353 1706 Sic
375 1641 451 1706 enim
472 1641 537 1705 iure
558 1641 651 1728 potuit
672 1640 845 1705 Athenaeus
867 1641 987 1704 alteram
1007 1641 1229 1728 inscriptionem

61 1732 213 1808 omittere,
240 1727 270 1792 id
297 1727 372 1812 quod
398 1747 610 1814 saepenumero
638 1725 723 1789 lecit:
752 1723 869 1789 Polluci
891 1747 961 1789 vero
987 1726 1106 1813 integer
1127 1725 1229 1792 titulus
1290 1790 1291 1793 ,

61 1812 260 1878 restituendus
282 1821 328 1877 est
347 1814 379 1875 ἐν
390 1809 534 1897 Διονύσῳ
556 1807 778 1893 ἢἈσκηταῖς.
807 1809 895 1873 Hanc
916 1818 1011 1874 autem
1033 1813 1228 1877 coniecturam

63 1898 136 1963 satis
158 1897 309 1961 coufirmat
330 1896 495 1961 simillimus
517 1895 616 1961 titulus
637 1894 756 1960 fabulae
775 1892 963 1982 Metagenis‚
991 1914 1075 1979 quam
1091 1892 1230 1981 Ὅμηρον

61 1981 261 2066 ἢἈσκηιὰς
286 1982 445 2070 inscripsit.

146 2084 283 2166 Epilpei
304 2083 394 2168 longe
409 2082 682 2170 depravatissimum
702 2080 901 2169 fragmentum
921 2081 1032 2168 legitur
1047 2081 1123 2171 apud
1134 2080 1229 2146 Athe·

61 2189 168 2232 naeum
188 2168 242 2234 lV.
262 2190 291 2256 p.
309 2166 425 2233 140A:
451 2172 516 2247 Τῆς
536 2189 568 2230 τε
589 2169 714 2243 κοπίδος
732 2165 914 2249 μνημονεύει
936 2168 985 2229 καὶ
995 2165 1228 2252 Ἀριστοφάνης

60 2251 81 2335 ἢ
106 2249 267 2326 Φιλύλλιος
298 2253 330 2316 ἓν
357 2261 424 2327 ταῖς
450 2249 585 2316 Πόλεσιν
605 2248 764 2328 Ἐπίλυκός
789 2251 819 2316 τ’
850 2253 883 2316 ἓν
912 2255 1102 2338 Κωραλίσκῳ
1133 2250 1228 2335 λίνων

61 2334 175 2412 oltroc-
217 2335 371 2414 „Horrdv
402 2334 502 2400 κοπίδ’
534 2333 683 2416 οίιύσομαι
715 2338 747 2400 ἓν
769 2335 981 2417 Ἀμυκλαῖον·
1018 2335 1229 2422 ααραγίλλωσι

59 2418 194 2505 βάρακες
214 2424 320 2484 πολλοὶ
334 2418 440 2500 κάρτοι
462 2424 512 2483 καὶ
535 2421 658 2500 σδωμδς
677 2417 763 2500 μάλα
784 2418 891 2497 ἆδύς.“
912 2423 980 2486 Etsi
999 2422 1073 2487 haec
1094 2422 1227 2508 graviter

61 2517 197 2593 corrupta
224 2513 307 2586 sunt,
342 2512 499 2594 supersunt
524 2513 621 2570 tamen
651 2506 809 2571 manifesta
834 2508 963 2595 vestigia
988 2514 1227 2596 anapaestomm:

60 2592 133 2656 mihi
155 2591 198 2654 sic
218 2591 283 2655 lere
304 2589 446 2678 Epilyeus
467 2591 623 2679 scripsisse
645 2591 774 2656 videtur:

144 2674 272 2737 Ποττάν
292 2674 407 2752 κοπίδ’,
430 2678 499 2752 οἰῶ,
521 2682 624 2757 σῶμαι

140 2757 192 2821 Ἔν
209 2758 418 2838 Ἀμυκλαῖον·
440 2756 524 2845 πάρα
546 2764 577 2824 Γ
575 2761 700 2826 ίλλωσιιι

146 2846 211 2907 Καὶ
231 2840 365 2928 βάρακες
385 2848 492 2908 πολλοὶ
514 2842 621 2929 κάριοι

145 2930 210 2991 Καὶ
232 2927 336 3009 δωμύς
355 2955 401 3005 τις
424 2926 510 3011 μάλα
531 2934 563 2994 Γ
560 2926 646 3007 αδύς.

59 3029 171 3093 Dorico
194 3029 242 3093 vel
262 3030 358 3117 potios
372 3030 523 3096 Laconico
544 3053 691 3113 sermone,
713 3032 739 3097 si
765 3054 825 3097 non
847 3033 1015 3099 universam
1035 3035 1175 3119 fabulam,
1197 3042 1228 3103 at

59 3121 139 3178 certe
152 3114 425 3201 maximampartem
440 3118 626 3204 compositam
639 3116 734 3181 luisse
745 3119 817 3182 satis
829 3118 878 3182 vel
889 3120 955 3205 ipsa
966 3119 1057 3184 iuscri
1078 3122 1118 3185 tio
1132 3121 1225 3188 docet:

57 3143 1137 3367 auctuum.taluruouuorhedred...
1150 3294 1209 3356 a,

58 3306 214 3452 palloxod:
234 3333 400 3451 μειράκιον.
420 3369 461 3433 Et
476 3371 551 3458 apud
564 3313 766 3436 Herodianum
788 3313 866 3458 πιάλη
876 3310 1053 3459 pompali.
1074 3398 1103 3465 p.
1116 3379 1170 3459 20,
1182 3380 1225 3444 28

57 3467 258 3532 scribendum:
284 3468 333 3532 Τδι
354 3471 396 3546 εἷς
412 3460 468 3547 κιο-ς
489 3470 619 3556 λήγοντα
633 3468 708 3557 ύνιέρ
721 3468 777 3538 δύο
790 3450 957 3558 σύλλαβάς,
977 3479 1004 3539 εί
1017 3472 1224 3563 ααραλῆμοιτο

56 3571 101 3651 τῷ
124 3556 204 3632 [nul
227 3566 429 3651 παροξύνοιτο
451 3571 511 3657 πρὸ
532 3579 588 3637 τοῦ
609 3563 634 3639 κ’
656 3573 691 3638 τὸ
713 3574 824 3659 οὔρει,
845 3573 1035 3658 ἀστερίσκος,
1058 3576 1222 3659 ὀβελίσκος,

56 3653 212 3747 μανίσκος,
224 3657 475 3738 κωραλίσκος,
500 3658 588 3746 vulgo
603 3662 799 3742 κωριικίσκος.
822 3662 963 3745 quomodo
975 3663 1063 3727 etiam
1073 3662 1225 3730 Athenaei

56 3733 174 3800 oddlces
205 3761 410 3826 nonnunquam
432 3743 550 3808 fabulae
579 3765 686 3809 nomen
707 3746 862 3828 exhibent,
890 3757 923 3811 ut
941 3742 1024 3815 xlv.
1044 3769 1075 3837 p.
1095 3749 1158 3816 691
1181 3748 1223 3816 C:

55 3815 174 3904 Μύρον
195 3824 225 3885 δ’
250 3827 314 3889 ἐστὶ
336 3829 387 3889 καὶ
408 3834 515 3904 τοῦτο,
537 3827 697 3906 Ἐπίλυκος
718 3833 751 3896 ἓν
771 3833 980 3920 Κωραλίσκῳ·

142 3903 298 3995 Βάκκαρίς
314 3935 345 3974 τε
367 3914 418 3975 καί
440 3910 555 3995 σάγδας
576 3910 666 3994 ὁμοῦ.

54 3988 107 4052 uhi
121 3992 184 4057 cod.
196 3992 238 4058 B:
262 4000 449 4082 κωρακίσκῳ.
471 3998 555 4085 peius
569 3999 656 4064 etiam
677 4000 747 4065 ibid.
759 4022 788 4089 p.
801 4001 865 4067 650
876 3998 918 4064 E:
936 3998 1096 4079 Ἐνιίλνκος
1111 4005 1225 4090 Φαρα-

54 4074 168 4162 λίσκῳ·
195 4081 296 4160 Μήλα
313 4084 364 4144 καὶ
382 4080 458 4169 ῥόας
476 4082 577 4167 λέγεις.
599 4104 700 4150 omues
720 4086 790 4150 libri
811 4085 962 4151 exhibent.
995 4085 1129 4177 Respicit
1148 4088 1225 4154 haec

53 4176 148 4239 verba
162 4178 288 4245 Photius
307 4203 335 4269 p.
346 4183 488 4266 490,25:
505 4179 620 4261 Ῥοιύς·
636 4182 750 4263 Ἴωνες·
771 4183 842 4251 ἄνευ
855 4187 889 4252 δὲ
904 4192 961 4253 τού
982 4173 997 4252 ι
1014 4184 1104 4273 ῥοάς,
1127 4184 1228 4265 σύκοις

48 4257 222 4338 Ἐπίλυκος.
242 4273 323 4331 recte
342 4288 415 4334 uero
435 4290 526 4357 supra
545 4268 600 4340 lv.
613 4292 641 4346 ο.
654 4271 768 4340 133ss:
782 4271 869 4340 Ἔστι
889 4274 922 4340 δ’
945 4268 967 4358 ἡ
987 4269 1130 4363 κερκώπη
1147 4275 1189 4355 ζ’

1067 3212 1144 3289 atur,
1164 3206 1224 3274 vid.
