2760 4792
103 219 167 284 200
477 205 881 281 COMMENTATIONES

104 385 154 448 obi
175 404 234 446 non
256 388 367 448 temere
388 378 541 447 Cimonem
560 385 669 444 νίνιιιι
690 385 838 443 divinum
860 379 1033 480 appellavit,
1054 380 1108 447 sed
1129 385 1266 468 quoniam

104 469 155 534 ille
177 489 360 556 summopere
370 466 670 532 Lacedaemoniorum
691 466 822 531 moribus
843 473 873 529 et
895 466 1035 530 institutis
1057 467 1268 554 delectabatur,

105 575 170 620 eum
204 554 260 618 boc
286 551 445 640 praeconio
477 549 639 629 decoravit,
666 550 742 634 quod
776 550 854 699 apud
879 549 1043 638 Spartanos
1074 551 1149 617 viris
1177 554 1268 621 claris

106 647 136 703 ot
161 638 262 726 probis
282 635 372 701 tribui
401 634 529 714 solebat,
548 634 608 697 vid.
629 655 719 722 supra
738 656 769 723 p.
790 638 844 715 ⁸2,
865 635 963 719 itaque
984 635 1071 699 etiam
1091 636 1124 699 in
1146 638 1203 703 hac
1223 639 1270 705 fe-

106 723 189 798 bula,
211 722 260 785 nbi
280 721 439 806 imaginem
460 718 537 782 vitae
556 717 652 782 feheis
674 727 759 803 atque
783 719 885 783 besue
906 719 1040 784 exhibuit
1060 720 1098 785 ad
1113 720 1270 789 Lacedae·

106 806 270 873 ruouiorum
291 803 528 869 consuetudinem
568 803 687 887 leraque
707 802 846 867 retulisse
868 803 991 869 videtur.
1026 801 1152 870 Censuit
1172 816 1270 875 autem

108 890 249 957 Cratinus
271 891 302 953 in
323 891 379 952 hac
399 888 517 967 labula,
537 824 737 951 rlthenienses
766 895 825 951 tum
848 888 963 952 demum
983 910 1160 977 recuperare
1180 912 1270 981 posse

107 997 205 1040 rerum
227 982 257 1038 et
276 972 456 1062 publicarum
478 981 508 1035 et
528 972 749 1036 domesticarum
771 978 878 1036 statum
899 972 1015 1038 felicem
1037 981 1067 1037 et
1087 975 1221 1059 beatum,
1242 978 1270 1045 si

109 1060 243 1127 Cimonis
262 1060 446 1122 honestatem
467 1063 498 1119 et
518 1056 720 1120 liberalitatem
732 1077 793 1120 non
815 1057 908 1121 sulum
921 1057 1146 1139 admirarentur,
1168 1082 1270 1129 verum

109 1146 196 1210 etiam
217 1144 275 1232 ipsi
295 1150 498 1227 sequerentur,
525 1142 625 1225 Neque
646 1161 718 1205 vero
732 1142 836 1205 mirum
858 1150 904 1205 est
923 1142 1012 1221 illud,
1034 1143 1110 1227 quod
1131 1154 1219 1233 poeta
1239 1150 1271 1213 in

109 1229 249 1293 felicitate
265 1225 438 1291 exornanda
449 1225 749 1289 Lacedaemoniorum
760 1226 896 1291 instituta
916 1236 947 1290 et
958 1248 1056 1291 mores
1077 1238 1195 1295 secutus
1216 1234 1270 1297 sit:

111 1312 217 1379 Cimon
241 1313 319 1376 euim
341 1311 448 1394 aliique
465 1309 524 1372 viri
541 1310 626 1396 probi
647 1317 678 1374 et
698 1310 815 1374 honesti
836 1330 895 1373 nou
918 1311 1017 1398 pauci,
1044 1322 1078 1377 ut
1097 1315 1209 1381 salvem
1226 1318 1272 1381 in-

111 1406 282 1494 tegramque
302 1401 488 1483 praestarent
508 1416 568 1457 rem
590 1394 744 1481 publicam,
767 1394 804 1459 ad
814 1392 1117 1463 Lacedaemoniorum
1138 1400 1272 1469 instituta

111 1504 145 1546 se
167 1481 362 1568 apphcarunt:
394 1478 468 1563 quud
491 1478 602 1563 quidem
623 1478 734 1542 inimici
760 1499 850 1567 saepe
875 1500 997 1543 numero
1018 1485 1273 1569 exprobraverunt

112 1564 245 1647 Cimoni,
265 1565 325 1629 vid.
346 1562 470 1651 Eupolis
491 1563 564 1651 apud
584 1562 735 1626 Plutarch.
756 1563 808 1627 vit.
831 1560 907 1629 Cim.
930 1586 955 1628 c.
978 1566 1032 1630 15:
1060 1567 1122 1631 Διὸ
1144 1573 1196 1634 καί
1209 1560 1272 1637 ’τοῦ

110 1653 255 1729 Κίμωνος
276 1645 318 1723 ὡς
339 1649 509 1728 ἐπανῆλθεν
531 1647 771 1731 ἀγανακτοῦντος
797 1648 845 1712 eo
868 1654 911 1735 τῷ
933 1654 1215 1733 προπηλακίζεσθαι
1235 1656 1271 1723 ιδ

111 1734 232 1815 ἀξίωμα
252 1738 308 1797 τοῦ
335 1734 492 1817 συνεδρίου
520 1734 566 1796 καί
589 1731 776 1815 πειρωμίνοα
801 1729 893 1796 πάλιν
919 1730 983 1797 ἀνω
1009 1734 1066 1811 τὰς
1086 1739 1174 1817 δίκας
1194 1738 1273 1807 ἀνα-

112 1824 273 1884 καλεῖσθαι
300 1820 351 1881 καὶ
378 1819 434 1901 τὴν
459 1820 507 1882 ἐπὶ
529 1817 733 1893 Κλεισθένους
757 1818 879 1902 ἐγείρειν
904 1816 1157 1903 ἀριστοκρατίαν,
1183 1850 1272 1893 κατε-

110 1900 195 1984 βόων
214 1900 444 1986 συνιστάμενοι,
471 1905 522 1966 καὶ
544 1903 598 1965 τὸν
619 1904 718 1984 δῆμον
745 1903 937 1987 ἐξηρέθιζον,
965 1902 1062 1969 ἐκεῖναί
1081 1931 1115 1971 τε
1134 1910 1273 1999 τάιπρδς

111 1987 168 2071 τὴν
194 1988 266 2052 ἀδελ
300 1988 331 2051 *v
361 1985 571 2067 ἀνανεούμενοι
599 1989 650 2049 καί
675 1986 888 2064 Λακωνισμὸν
914 1988 1141 2068 ἐπικαλοῦντες·
1183 1998 1227 2072 είς
1251 1994 1273 2061 ll

113 2076 164 2139 καλ
184 2073 224 2138 τὰ
243 2069 415 2146 Εαπάλιδος
436 2065 691 2154 διατεδράλληται
711 2072 779 2153 περὶ
799 2072 959 2150 Κίμωνος,
981 2071 1028 2137 ὅτι

196 2156 305 2232 Κακδς
323 2156 380 2237 μὲν
401 2153 456 2220 odo
477 2147 528 2236 ἦν,
550 2150 719 2238 φιλοπότης
738 2154 774 2218 δὲ
795 2150 939 2236 κάμελής,

197 2239 328 2305 Κάνίοτ’
353 2238 391 2302 ἀν
412 2238 591 2318 ἀπεκοιμᾶτ’
617 2235 654 2300 ἀν
681 2240 713 2301 ἓν
733 2240 956 2319 Λακεδαίμονι,

198 2322 271 2389 Κάν
287 2323 464 2405 Ἐλπινίκην
484 2319 570 2405 ιη’νδε
592 2321 767 2386 καταλιπων
786 2320 893 2406 μόνην.

114 2411 219 2497 quibus
239 2409 375 2473 versibus
402 2408 459 2472 etsi
485 2408 610 2473 comicus
637 2415 724 2496 poeta
744 2410 934 2498 reprehendit
954 2410 1122 2499 Cimonem,
1148 2388 1275 2487 eumdem

114 2494 340 2560 tamenvirtutis
351 2514 470 2643 ιηιιοηαο
489 2493 644 2583 praeconio
666 2501 768 2557 ornat:
790 2502 859 2558 sunt
879 2504 974 2562 autem
989 2498 1064 2563 haee
1077 2522 1117 2565 ex
1131 2506 1276 2571 orosa

113 2582 221 2670 petita,
241 2579 272 2644 id
294 2599 350 2664 quo
391 2578 476 2643 docet
496 2578 662 2643 Scholiasta
674 2578 817 2643 Aristidis
835 2578 876 2644 Τ.
889 2580 945 2645 lll.
959 2603 994 2727 p
1006 2584 1071 2649 515
1092 2586 1138 2651 ed.
1153 2588 1275 2657 minut:

115 2666 257 2745 Δίδυμος
276 2665 313 2727 δί
331 2687 426 2749 φησιν
446 2662 502 2745 οὐχ
522 2661 568 2726 ὅτι
591 2660 778 2742 ἔλακοίνιζεν,
798 2661 864 2726 ἀλλ’
889 2662 961 2729 ἀπ’
986 2670 1105 2752 λπινίκη
1126 2678 1165 2755 τῆ
1185 2674 1278 2739 ἀδελ-

116 2754 161 2835 φῇ
183 2753 293 2830 συνῆν·
324 2748 414 2813 αἴτιοι
436 2748 470 2811 δί
489 2753 543 2829 τῆς
564 2749 710 2828 διαβολαῖς
731 2748 760 2811 oi
780 2752 907 2829 κωμικοί
930 2754 978 2812 καὶ
999 2734 1279 2829 μάλιάταιΕάπο-

116 2838 175 2909 λις
194 2834 232 2896 lo
252 2828 427 2896 Πόλεσιν.
462 2830 601 2897 Ceterum
624 2833 660 2897 de
681 2832 815 2897 Cimonis
836 2841 867 2898 et
887 2836 1064 2921 optimatium
1085 2839 1278 2927 Laconismo,

115 2918 176 2983 vid.
197 2915 348 2980 Plutarch.
369 2917 439 2980 ibid.
462 2939 486 2981 c.
500 2918 555 2981 16:
580 2916 619 2981 Oi
642 2917 792 2980 δὲταῦτα
814 2921 971 2981 κολακείαν
992 2920 1084 3002 ἀχλου
1106 2928 1157 2989 καλ
1178 2929 1280 3009 δημα·

116 3003 228 3087 γωγίιιν
248 2998 323 3065 εἶναι
344 2996 573 3080 διαβάλλοντες,
598 2996 658 3065 buo
679 3007 735 3083 τῆς
755 3000 849 3083 ἀλλης
870 3004 1061 3087 ἐξηλέγχοντο
1088 3016 1144 3073 τοῦ
1166 3010 1281 3097 ἀνδρὸς

117 3084 336 3170 προαιρέσεως,
369 3084 620 3171 ἀριστοκρατικῆς
646 3087 697 3149 καί
727 3089 914 3169 Λακωνικῆς
940 3088 1044 3172 οάσης.
1085 3095 1162 3159 idem
1190 3119 1217 3163 c.
1237 3098 1281 3165 10

118 3172 203 3236 docet
223 3178 331 3255 quauta
357 3171 456 3256 gratia
481 3178 511 3234 et
532 3171 703 3235 auctoritate
725 3168 831 3236 Cimon
853 3173 927 3261 apud
949 3173 1205 3245 Lacedaemonios
1225 3182 1282 3247 tlo-

117 3258 222 3336 ruerit,
243 3260 407 3340 quantaque
427 3254 497 3318 inde
506 3254 709 3320 Athenienses
731 3256 880 3321 commoda
899 3258 932 3321 in
952 3281 1036 3325 suam
1057 3266 1281 3353 rempublicam

118 3340 332 3405 derivaverint:
353 3340 451 3424 itaque
471 3360 532 3402 non
543 3340 647 3404 mirum
662 3341 689 3403 si
702 3337 808 3405 Cimon
819 3341 1064 3427 Atheniensibus,
1085 3351 1242 3439 praecipue
1253 3352 1282 3417 si

119 3425 187 3510 quid
208 3424 439 3511 reprehensione
452 3429 481 3488 et
492 3424 686 3511 castigatione
696 3425 818 3511 dignum
834 3427 1099 3509 animadvertisset,
1120 3432 1283 3523 Spartano·

118 3531 184 3573 rum
205 3508 370 3595 exemplum
402 3529 436 3571 ro
456 3528 546 3573 onere
566 3508 670 3572 solitus
691 3508 795 3573 fuerit:
817 3510 847 3575 id
863 3514 938 3595 quod
955 3513 1149 3581 Stesimbroto
1163 3530 1284 3587 auctore

120 3593 278 3659 memoriae
318 3528 426 3656 rodilit
473 3592 623 3658 lutarcbus
643 3593 728 3658 ibid:
766 3596 911 3681 Καλγάρ
933 3596 1094 3673 ebrocini
1116 3608 1284 3685 πανελμε-

119 3677 259 3761 γαλύνων
279 3614 335 3758 τάν
353 3676 578 3759 Λακεδαίμονα
599 3677 677 3754 πρὸς
693 3678 878 3760 Ἀθηναίους
898 3685 949 3745 καλ
969 3681 1104 3763 μάλιστα
1126 3686 1175 3753 ὅτε
1195 3690 1284 3773 τιλχοι

120 3758 316 3847 μεμφόμενος
345 3758 489 3843 αάτοίςῆ
516 3759 711 3847 παροξύνων,
738 3760 780 3840 ὥς
807 3789 883 3849 φησι
904 3768 1153 3855 Στησίμβροτος,
1180 3774 1285 3841 alcaida

122 3844 229 3929 λίγειν·
250 3842 356 3923 ,Ἀλλ’
381 3842 417 3909 οὗ
438 3843 685 3927 Λακεδαιμόνιοί
707 3871 740 3931 γε
760 3856 926 3914 τοιοῦτοι.“
948 3850 1021 3917 ὅθεν
1042 3854 1162 3939 φθίνον
1182 3857 1284 3947 ἑαυτῷ

122 3926 599 4080 tlttddtt‘ltla‘l
613 3931 1194 4089 't‘lhdh‘llldulllbd‘l‘
1209 3947 1286 4097 lli

122 4098 276 4167 Messenio
302 4036 516 4164 difficiliqsaue
543 4038 1286 4199 atqleguiuumopoppreisishuxuia‘'hillarius“

124 4185 228 4269 quibus
249 4185 313 4273 ipse
337 4184 479 4273 praefuit:
507 4184 602 4251 nolunt
627 4188 706 4251 enim
731 4188 854 4273 patriam
882 4210 922 4253 ex
946 4191 1070 4259 aliorum
1096 4196 1286 4265 incommodis

124 4270 306 4335 incrementa
331 4290 436 4357 capere
473 4278 524 4335 aut
558 4276 677 4358 praeter
703 4279 816 4335 ceteras
844 4272 989 4340 Graeciae
1020 4278 1154 4347 ciuitates
1182 4286 1286 4375 opibus
