2768 4770
352 207 412 276 DE
432 208 578 289 Rubro,
596 211 784 283 COMOED.
805 216 912 289 ATT.
932 221 1078 297 ANTIQ.
1238 232 1303 299 309

117 402 124 432 ι
207 374 312 440 Ἄλλοι
332 374 364 441 d'
387 375 448 461 ἤδη
476 374 586 490 ndreae
615 383 781 467 ἐρείδουσιν
807 389 848 462 εἷς
865 384 1072 473 Ὑπέρβολους

118 446 123 495 l
216 459 284 537 Τὰς
304 460 404 538 εἰκοὺς
423 470 486 527 τῶν
505 467 647 548 tygridum
667 467 723 544 τὰς
743 468 819 551 ε’μιὶς
845 473 1040 554 μιμούμενοι.

124 545 216 621 Unde
237 547 434 612 coniecturam
455 549 492 613 de
513 558 657 639 tempore,
687 574 744 638 quo
766 561 831 618 acta
858 558 898 622 sit
917 559 991 624 haec
1012 559 1168 710 Hermippi
1189 566 1300 663 fabula,

124 653 234 721 capere
254 630 333 696 licet.
363 632 477 781 Aperte
498 636 577 699 enim
596 634 815 738 Aristophanes
837 641 922 706 docet
941 650 1009 731 post
1028 643 1114 732 Eupo
1129 647 1185 713 'dis
1205 648 1300 717 Mari-

124 738 191 783 cam
211 716 297 780 istam
318 716 389 782 fabu
402 739 448 781 am
470 719 506 783 ab
522 718 685 808 Hermippo
706 744 739 786 m
757 722 811 810 Hy
832 726 962 791 erbolum
985 731 1174 818 compositam
1195 735 1299 802 fuisse.

122 801 191 870 lam
218 799 341 888 Eupolis
374 802 473 867 docuit
493 801 639 868 Maricam
672 805 790 895 Olymp.
848 809 990 877 XXXIX.
1012 812 1049 893 4,
1080 813 1299 906 Aristophanes

123 893 224 953 mrem
250 885 395 952 secundas
416 887 519 952 Nubes
545 889 665 976 scripsit
685 891 764 956 circa
785 891 872 978 Olym
895 895 990 960 'adem
1010 896 1094 964 XCI.
1117 901 1154 983 1,
1185 911 1217 967 nt
1238 927 1299 970 om·

122 971 213 1035 nibns
239 969 360 1035 calculis
388 972 537 1035 subductis
564 974 703 1039 coniicio:
746 977 844 1061 itaque
892 1001 944 1043 aec
965 979 1123 1071 Hermip'i
1149 990 1299 1055 comoedia

121 1055 163 1121 ad
182 1052 405 1142 nonagesimam
426 1058 608 1143 potissimum
630 1057 836 1148 Olympiadem
856 1063 948 1128 suerit
967 1005 1110 1134 referend

209 1138 271 1205 Sed
282 1139 463 1240 Hermippus
485 1143 621 1227 quoniam
642 1143 675 1208 in
692 1144 932 1212 hucdramateH
975 1151 1070 1215 erboli
1081 1160 1304 1222 mutremacer·.

119 1225 245 1291 bissimc
257 1225 425 1312 castigavit,
436 1227 516 1291 lubet
526 1249 600 1291 sane
612 1249 755 1313 quaerere
765 1230 909 1315 quodnam
922 1233 932 1297 i
956 1237 966 1297 i
977 1254 1086 1299 nomen
1097 1239 1198 1321 suerit,
1211 1248 1296 1328 atquc
1327 1273 1329 1276 ·

119 1311 207 1395 sequi
240 1317 372 1374 veterum
408 1313 665 1397 grammaticorum
701 1316 958 1399 consuetudinem,
1001 1340 1122 1404 quorum
1154 1345 1297 1392 summum

119 1395 278 1481 aliquando
299 1395 425 1460 studium
447 1397 479 1459 in
501 1418 536 1461 eo
551 1403 700 1463 versatum
722 1406 778 1480 est,
800 1409 832 1463 ut
853 1400 889 1464 de
911 1403 1056 1468 eiusmodi
1074 1407 1295 1477 difficultatibus

117 1481 308 1565 quaestiones
335 1479 393 1544 sibi
418 1489 634 1569 proponerent,
666 1504 738 1568 quas
768 1483 886 1549 solvere
914 1493 1077 1554 tentarent:
1110 1495 1296 1582 praecipuam

115 1585 192 1631 reru
222 1584 340 1651 operam
368 1566 400 1627 in
421 1588 456 1629 eo
482 1566 677 1639 collocabant,
721 1574 753 1632 ut
779 1569 899 1633 uomina
924 1570 1076 1639 hominum
1102 1577 1160 1642 iam
1187 1579 1293 1646 dudum

115 1650 211 1735 lungo
233 1649 385 1713 vetustatis
407 1652 465 1714 situ
486 1651 643 1716 obscurata
664 1652 899 1739 investigarent,
921 1658 998 1740 quod
1018 1660 1146 1727 studium
1168 1664 1295 1753 castigat

114 1733 268 1800 luvenalis
289 1733 391 1821 Satyr.
412 1734 481 1802 Vll.
502 1735 582 1801 229:

422 1818 484 1885 Sed
504 1840 558 1884 vus
579 1840 686 1883 saeuas
707 1819 847 1908 imponite
868 1822 966 1910 leges,

122 1944 134 1967 ·.
202 1903 244 1969 Ut
281 1924 367 1968 raece
386 1905 445 1968 tori
466 1905 623 1969 verborum
644 1903 751 1990 regula
772 1912 897 1989 constet,

133 2044 136 2049 ⁴
202 1987 242 2056 Ut
262 1924 344 2075 legat
365 1925 523 2070 historias,
545 1995 679 2053 auctores
700 1990 819 2054 noverit
839 2011 953 2074 omnes,
1041 2064 1043 2072 Α

198 2073 356 2158 Tanquam
379 2095 495 2161 ungues
517 2073 685 2161 digitosque
706 2094 788 2156 suus,
809 2081 843 2139 ut
862 2076 941 2141 sorte
961 2082 1087 2165 rogatus

198 2158 278 2223 Dum
299 2158 372 2245 petit
393 2166 443 2223 aut
463 2160 593 2223 thermas
616 2165 666 2223 aut
685 2158 802 2223 Phoebi
824 2160 947 2244 balnea,
966 2160 1045 2228 dicat

195 2243 347 2308 Nutricem
368 2240 531 2326 Anchisae,
552 2265 660 2316 nomen
681 2246 862 2331 patriamque
883 2266 1041 2315 novercae

196 2326 383 2408 Anchimoli,
404 2327 481 2393 dicat
502 2336 571 2414 quot
589 2331 714 2393 Acestes
737 2331 847 2396 vixerit
869 2352 975 2414 annus,

196 2412 276 2488 Quot
295 2410 413 2479 Siculos
433 2413 609 2501 Phrygibus
631 2413 694 2478 vini
716 2414 871 2480 donaverit
892 2437 995 2482 urnas.

108 2498 267 2564 Eiusmodi
292 2497 390 2563 studia
415 2499 540 2587 primum
567 2497 773 2562 Alexandriae
800 2498 929 2565 excitata
955 2508 1041 2583 sunt,
1074 2501 1126 2566 ubi
1151 2501 1287 2570 Sosibius

109 2583 367 2651 Lacedaemonius
388 2585 515 2649 maxime
537 2581 675 2646 inclaruit
695 2584 732 2647 ob
754 2582 786 2648 id
806 2584 920 2673 ipsum,
949 2584 1028 2671 quod
1047 2585 1137 2656 facile
1158 2589 1207 2652 vel
1230 2591 1287 2656 dil'·

109 2668 257 2736 iicillimas
284 2667 414 2733 solveret
435 2668 637 2754 quaestiones:
669 2667 768 2753 itaque
795 2668 917 2746 λυτικὸς
938 2670 1103 2759 appellatur
1133 2673 1170 2741 ab
1192 2674 1287 2739 Athe·

110 2774 186 2818 naeu
208 2752 263 2816 Xl.
305 2750 398 2818 ‚493
419 2752 446 2818 B
469 2758 499 2817 et
519 2751 563 2834 E,
595 2752 645 2816 ubi
671 2752 708 2816 ob
729 2752 760 2819 id
781 2753 877 2842 ipsum
904 2757 1125 2842 grammaticum
1147 2778 1165 2820 a
1185 2756 1287 2824 Ptole·

111 2860 196 2904 maeo
222 2773 418 2925 Philbdelpho
446 2838 516 2902 dicit
542 2837 662 2902 irrisum
689 2837 802 2903 luisse:
847 2844 959 2905 Ταῦτα
986 2842 1038 2905 καλ
1064 2835 1082 2904 ὅ
1108 2839 1286 2923 θαυμάσιος

112 2921 235 2998 λυτικὸς
245 2923 407 3002 Σωσίβιος,
431 2918 465 2984 ὃν
487 2919 543 2986 oda
564 2921 718 3005 ἀχαρίτως
733 2920 867 3000 διέπαιξε
887 2922 941 2988 διὰ
953 2923 1010 3002 τὰς
1030 2923 1285 3012 πολυθρυλήτους

110 3004 228 3083 ταύτας
248 3009 299 3071 καὶ
320 3005 376 3083 τὰς
395 3003 542 3082 τοιαύτας
563 3003 662 3082 λύσας
674 3009 870 3090 Πτολεμαῖος
891 3005 908 3073 ὃ
926 3006 1121 3097 Φιλάδελφος
1139 3010 1284 3092 βασιλεύς

110 3097 177 3158 κτλ.
225 3091 267 3158 Et
298 3091 441 3193 plurimas
474 3091 619 3157 eiusmodi
649 3093 836 3177 quaestiones
873 3094 905 3158 in
936 3093 1045 3160 Museo
1075 3094 1283 3164 Alexandrino

153 3179 241 3243 ‘tatas
273 3178 366 3243 [unse
393 3183 515 3266 apparet
541 3177 591 3244 vel
616 3198 657 3241 ex
677 3175 846 3243 Scholiasta
865 3176 1004 3252 Home‘ri,
1018 3179 1056 3244 ll.
1076 3178 1132 3245 IX.
1153 3201 1183 3246 r.
1204 3183 1282 3248 688:

105 3263 115 3288 ’
147 3290 165 3326 υ
192 3267 237 3351 τῷ
262 3263 395 3349 μουσείῳ
421 3266 466 3349 τῷ
493 3260 573 3327 κατὰ
595 3257 822 3348 Ἀλεξάνδρειαν
853 3260 947 3344 νόμος
978 3254 1017 3346 ἦν
1048 3260 1282 3348 προβάλλεσθαι

108 3346 231 3431 ζήτημα
252 3349 302 3411 καὶ
323 3347 379 3423 τὰς
392 3347 555 3432 γενομένας
564 3344 665 3423 λύσεις
674 3344 922 3434 ἀναγράφεσθαι.
942 3347 1056 3417 Ver-'um
1066 3370 1106 3412 ne
1116 3352 1282 3452 posteriore

107 3434 226 3521 quidem
247 3439 377 3520 tempore
403 3433 556 3498 iacuerunt
575 3432 649 3496 hacc
669 3432 787 3516 studia,
818 3431 872 3498 sed
893 3432 996 3498 sedulo
1016 3441 1192 3503 resuscitata
1213 3446 1282 3502 snut

106 3521 163 3584 sub
185 3519 410 3606 imperatoribus
431 3517 592 3598 Romanis,
623 3518 788 3602 exquibus
828 3517 909 3582 lures
931 3518 1085 3583 admodum
1105 3519 1171 3586 istis
1192 3542 1280 3607 qnae·

105 3606 237 3670 stionum
273 3603 420 3691 angustiis
452 3600 589 3667 delectati
620 3610 709 3683 sunt,
752 3540 828 3688 quud
855 3602 1012 3669 Tiberium
1044 3604 1154 3669 secisse
1185 3608 1281 3673 refert

104 3687 268 3756 Suetonius
295 3688 327 3751 in
354 3687 418 3752 eius
445 3686 516 3761 vita,
537 3691 563 3753 c.
583 3689 640 3751 70:
683 3686 844 3768 „Maxime
875 3694 972 3752 tamen
1006 3691 1120 3754 curavit
1145 3692 1279 3757 notitiam
1324 3758 1329 3766 ,

103 3775 250 3841 historiae
269 3771 414 3837 fabularis
435 3792 528 3856 usque
549 3770 587 3835 ad
607 3770 733 3860 ineptias
755 3779 841 3858 atque
862 3773 1007 3865 derisum:
1038 3795 1107 3839 nam
1128 3782 1159 3841 et
1179 3798 1278 3863 gram·

104 3860 247 3937 mutiens,
288 3856 366 3942 qnod
386 3856 654 3943 genusbominum
677 3857 848 3946 praecipue,
881 3864 914 3923 ut
939 3857 1084 3940 diximus,
1111 3862 1278 3948 appetebat,

103 3943 251 4012 eiusmodi
276 3943 342 4008 lere
362 3942 582 4027 quaestionibus
608 3942 831 4028 experiebatur,
874 3966 962 4024 ᾳααι
982 3958 1089 4006 macer
1108 3949 1276 4025 Hecubae,

103 4036 197 4115 quod
208 4028 338 4093 Achilli
359 4052 474 4091 comeo
494 4034 584 4090 inter
604 4034 756 4109 virgiaco
768 4031 910 4104 fuisset,
931 4035 1018 4112 quid
1036 4026 1178 4095 Sirenes
1198 4055 1277 4095 cam·

101 4132 180 4182 aare
205 4123 277 4178 rint
295 4118 452 4177 solitae.“
493 4110 579 4176 llaec
604 4119 700 4197 autem
729 4112 828 4178 studia
853 4119 913 4178 tum
939 4114 1013 4178 satis
1034 4115 1156 4202 vulgata
1181 4116 1276 4182 fuisse
1319 4113 1330 4127 ⁴

100 4199 341 4353 'llffihblil
348 4195 562 4347 saltat
588 4195 1275 4374 ⁰‘ttulit’tlttttl‘btttgttt

100 4309 120 4352 u
170 4309 199 4353 m
982 4332 1020 4366 a,
