2768 4770
337 124 398 195 ΒΕ
417 113 563 203 aucto
583 122 771 196 comum
793 123 901 199 A'l'T.
921 126 1067 205 ANTIQ·
1219 126 1286 199 413

112 293 309 384 Antiphontis
321 294 486 396 exemplum
498 293 667 383 applicarel
687 293 796 361 deinde
806 293 888 360 nulla
897 295 947 360 vel
968 307 1049 362 certe
1070 295 1182 384 exigna
1203 297 1287 363 simi-

111 381 207 446 litudo
229 379 386 444 intercedit
411 386 490 443 mter
517 380 669 465 utriusque
694 381 804 462 verba,
831 388 861 445 et
887 381 983 469 aptius
1005 381 1069 466 quis
1091 382 1283 470 Antiphontis

112 465 290 532 sententiam
318 486 383 527 cum
410 462 583 552 Sophocleis
615 465 751 529 versibus
783 467 990 552 composuerit:
1034 467 1087 531 sed
1113 468 1179 555 ipsa
1209 468 1285 534 haee

93 551 263 617 ‘sententia
283 549 325 612 ito
345 549 402 612 luit
421 548 524 636 pervul
549 556 597 613 ata
617 555 648 613 et
668 551 796 615 omnium
816 553 886 615 trito
901 571 966 631 ore,
985 557 1018 614 ut
1037 551 1112 616 nihil
1133 552 1283 653 impediat,

111 657 171 722 quo
193 635 289 698 minus
310 640 486 714 statuamus,
507 570 608 721 plumes
630 655 763 699 seorsum
785 657 822 700 ea
842 657 913 700 usus
936 657 1013 700 esse.
1042 636 1134 701 Immo
1156 658 1183 702 sr
1203 647 1283 704 recte

110 722 194 786 hunc
213 740 331 783 versum
352 719 504 783 retulimus
526 719 564 783 ad
584 721 721 801 Παῖδας,
742 741 781 783 ne
802 721 896 808 potuit
916 720 1031 805 quidem
1053 721 1207 809 Antiphon
1227 723 1284 788 hac

110 804 302 892 Theopompi
322 803 424 867 fabula
445 804 504 884 uti,
533 803 638 891 quippe
658 825 732 888 quae
755 805 840 870 docta
861 807 900 870 sit
920 813 987 894 post
1007 804 1199 895 Antiphontis
1222 830 1284 874 ma·

109 891 203 971 ioris,
226 889 308 952 cuius
328 888 387 952 ista
409 895 455 952 est
475 888 640 970 sententie,
670 889 830 954 infaustum
852 891 970 955 obitum.
1012 890 1089 954 Nam
1111 912 1283 978 quamquam

109 995 170 1061 quo
205 980 334 1062 tempore
366 979 454 1060 poeta
478 973 553 1037 hanc
584 974 762 1039 comoediam
795 974 941 1057 docuerit,
974 975 1163 1061 ignoramus,
1193 985 1282 1042 tenuo

109 1068 211 1125 nmen
224 1065 359 1145 superest
369 1057 444 1121 vesti
469 1059 537 1122 'um
558 1055 727 1122 Scholiasta
738 1060 815 1124 enim
822 1060 1150 1148 AristophanisAvium
1164 1083 1192 1126 v.
1199 1063 1285 1130 1588

109 1167 132 1210 a
153 1142 347 1231 Theopompo
373 1079 656 1230 ilhchlaespodiam
683 1143 753 1208 dicit
778 1145 898 1210 irrisum
926 1167 1009 1210 esse:
1053 1146 1220 1228 Μέμνηται
1247 1147 1283 1212 δὲ

109 1224 908 1397 ιλιιωοοέςιίξιιῖικανονιι
922 1227 1283 1400 totttmtttta
1364 1288 1366 1291 ·

108 1397 197 1473 τινὰς
218 1399 331 1473 αίτίας,
364 1393 405 1472 ὥς
426 1421 502 1482 φησι
525 1395 673 1480 Στράττις
695 1399 727 1461 ἐν
748 1400 898 1488 Κινησία·
928 1399 1047 1463 διὸκαὶ
1070 1399 1147 1465 κατὰ
1168 1406 1283 1467 σκελῶν

109 1478 217 1568 ἐφόρει
236 1481 273 1546 τὸ
294 1479 424 1563 ἱμάτιον,
447 1478 488 1557 ὡς
505 1479 690 1562 Θεόπομπος
710 1483 743 1545 ἓν
762 1485 888 1548 Παισίν.
911 1485 952 1549 ita
973 1485 1209 1572 corruptissimus
1230 1487 1286 1552 ille.

108 1568 194 1633 locus
215 1567 430 1654 corrigendus,
459 1567 568 1651 inquo
597 1588 661 1631 cum
682 1566 742 1631 alia
771 1589 863 1655 prava
883 1568 1076 1656 legebantur,
1103 1578 1162 1635 tum
1187 1569 1282 1637 Θεόπ.

110 1653 146 1717 ἐν
156 1653 302 1714 Παιᾶσιν.
324 1652 397 1716 lnda
418 1652 507 1716 facile
519 1650 585 1716 colli
610 1673 660 1715 ere
681 1672 847 1739 possumus,
868 1674 931 1718 enm
944 1653 1133 1742 Laespodias
1152 1657 1281 1723 maxime

112 1736 203 1822 Olym
225 1735 288 1800 'ade
301 1736 375 1802 XCI
396 1736 525 1802 etXClI
545 1671 622 1800 hello
644 1736 825 1818 inclaruerit,
846 1758 941 1823 neque
963 1746 1052 1819 anm,
1065 1756 1169 1823 ‘neque
1190 1741 1280 1807 multo

110 1827 183 1910 post
204 1756 283 1886 hanc
301 1821 479 1885 comoediam
501 1842 562 1885 com
584 1821 688 1885 ositam
709 1821 818 1903 fnisse,
850 1821 881 1886 id
902 1823 976 1907 quod
999 1824 1087 1887 etiam
1107 1822 1281 1891 Meinekius

112 1925 151 1970 eo
171 1905 246 1988 loco,
266 1926 350 1990 quem
362 1906 435 1986 dixi,
457 1842 672 1970 animadvertit
692 1906 754 1977 Vix
775 1907 853 1972 enim
874 1907 1026 1995 probabile
1048 1915 1093 1972 est
1113 1909 1146 1973 in
1166 1909 1279 1994 fabula,

112 2011 188 2075 quae
209 1989 298 2054 multo
325 1998 392 2078 post
413 1991 498 2055 docta
528 1991 636 2073 luerit,
661 1990 885 2091 Theopompum
907 1993 1042 2080 attigisse
1063 1992 1280 2082 Laespodiam:

109 2075 139 2139 is
161 2074 238 2140 enim
268 2096 332 2140 cum
354 2083 447 2140 staret
467 2097 485 2140 a
511 2076 643 2163 partibus
664 2076 961 2176 quadringentorum,
994 2078 1135 2161 (fortasse
1161 2079 1282 2167 ipsein

108 2160 213 2224 horum
236 2181 389 2225 numerum
410 2161 467 2224 luit
486 2161 622 2242 relatus)
644 2183 752 2225 missus
774 2169 838 2226 erat
858 2161 975 2249 legatus
991 2183 1055 2226 cnm
1067 2163 1281 2253 Aristophonte

109 2252 140 2310 et
160 2244 290 2309 Melesia
304 2244 541 2326 Lacedaemona,
563 2245 616 2310 sed
637 2247 668 2310 in
690 2246 755 2335 ipso
776 2246 883 2310 itinere
905 2268 923 2311 a
943 2246 1073 2329 Paralis,
1094 2249 1144 2333 qui
1163 2250 1279 2338 legatos

108 2329 238 2394 maxime
260 2330 402 2410 odissent,
424 2331 559 2414 quoniam
581 2337 700 2431 praeter
720 2339 833 2394 ceteros
854 2331 990 2481 populum
1012 2332 1136 2398 hherum
1158 2355 1175 2399 o
1215 2358 1280 2401 res·

109 2415 238 2496 sissent,
259 2422 409 2502 correptus
431 2425 461 2478 et
481 2414 608 2502 Argivus
630 2414 754 2479 traditus
777 2421 837 2497 est,
860 2415 890 2479 vi
912 2415 1102 2502 ‚Thucydid
1198 2419 1278 2487 .86=

103 2497 268 2584 Ἅφίκοντο
289 2499 323 2563 δὲ
351 2499 379 2563 oi
396 2499 522 2584 Ἀργεῖοι
547 2499 625 2578 μετὰ
645 2503 707 2563 τῶν
727 2495 903 2584 Παράλων,
946 2499 981 2564 oi*
1001 2496 1069 2565 τότε
1101 2500 1280 2586 ἐτάχθησαν

110 2584 144 2648 ίν
164 2588 203 2668 τῇ
224 2579 419 2666 muneratum
440 2586 496 2667 νηῒ·
510 2579 570 2648 ὑπὸ
592 2589 654 2649 τῶν
674 2586 877 2670 τετρακοσίων
896 2588 1049 2671 περιπλεῖν
1069 2583 1207 2668 Εὔβοιαν
1227 2590 1279 2654 καλ

65 2671 69 2678 “
108 2665 233 2752 ἄγοντες
248 2668 422 2750 Ἀθηναίων
442 2671 485 2745 τῖς
498 2670 723 2750 Λακεδαίμονα
745 2668 806 2734 ἀπὸ
826 2675 888 2734 τῶν
907 2671 1110 2754 τετρακοσίων
1123 2673 1280 2754 πεμπτοιλς

107 2753 264 2837 πρέσβεις,
285 2755 488 2818 Λαισποδίαν
513 2756 564 2817 καί
583 2752 815 2841 Ἀριστοφῶντα
840 2757 891 2819 καί
912 2757 1091 2839 Μελησίαν,
1119 2757 1154 2822 ol*
1175 2759 1279 2842 lucedii

107 2837 244 2922 ἐγίνοντο
266 2839 406 2915 πλέοντες
426 2837 497 2904 κατ’
514 2837 623 2924 Ἄργος
629 2887 638 2917 ,
659 2839 732 2915 τοὺς
752 2840 809 2922 μίν
829 2840 970 2924 πρίσβας
990 2839 1194 2923 συλλαβόντες
1213 2853 1279 2920 τοῖς

104 2921 264 3006 Ἀργείοις
283 2923 470 3007 παρέδοσαν,
493 2919 535 2999 ὡς
554 2931 617 2989 τῶν
638 2923 695 3006 οὐχ
714 2923 824 3008 ἥκιστα
845 2922 1081 2991 καταλυσάντων
1101 2924 1156 2993 τὰ
1176 2930 1295 3010 δῆμον·

106 3004 210 3082 ὄντας.
238 3008 349 3074 Postea
369 3031 441 3073 vero
464 3008 753 3098 Quadringentorum
774 3010 922 3076 dominatu
944 3011 1056 3076 deiecto
1076 3012 1276 3101 Laespodiam

105 3092 140 3157 in
161 3093 284 3180 patriam
304 3095 471 3160 restitutum
491 3115 569 3176 esse,
589 3117 692 3183 ρττοω
713 3095 875 3160 verisimile
896 3103 954 3178 est,
973 3118 1036 3161 cum
1058 3097 1090 3161 in
1111 3097 1280 3186 plerosque,

104 3177 256 3266 principes
276 3181 459 3267 praesertim,
481 3180 585 3244 horum
606 3182 736 3245 virorum
756 3180 831 3244 satis
846 3184 954 3245 acriter
964 3181 1166 3247 Athenienses
1186 3183 1275 3248 liher-

106 3269 169 3327 tate
188 3276 308 3352 recepta
327 3264 604 3365 animadverterent
646 3263 706 3330 Sed
728 3264 1021 3414 missotlraesdpodia,
1042 3267 1129 3333 etiam
1150 3288 1191 3333 ex
1211 3268 1276 3359 ipso

104 3349 1277 3524 tittttlttth‘cttllltttttt‘rtttttul'tlet,lt

103 3524 139 3579 nt
164 3519 356 3605 spectantium
384 3519 497 3583 animos
529 3526 640 3584 tantum
668 3519 827 3585 delectaret
857 3519 946 3584 hilari
977 3521 1075 3608 ahqua
1103 3529 1134 3586 et
1162 3522 1280 3589 ludicra

104 3599 113 3616 ⁰
189 3602 253 3684 ne,
287 3603 364 3667 hanc
389 3602 519 3668 fabulam
546 3603 746 3692 composuisse
777 3604 942 3670 censendus
970 3613 1032 3688 est,
1067 3627 1168 3673 verum
1194 3608 1277 3675 alind

206 3687 360 3752 consilium
376 3687 513 3753 snhtihus
526 3695 558 3753 et
578 3689 684 3772 mains,
706 3689 849 3774 quodsuh
861 3690 918 3754 ista
939 3712 1043 3756 senum
1063 3713 1276 3783 repuerascen-

102 3622 145 3665 rm

103 3705 177 3834 dih
198 3771 329 3859 imagine
349 3773 434 3921 humi
462 3774 516 3838 suh
537 3768 689 3839 involucro
711 3770 834 3860 quodam
855 3775 1056 3840 absconditum
1077 3774 1274 3861 delitesceret,

104 3863 223 3937 secutus
253 3870 307 3921 est.
378 3859 471 3923 teuim
496 3858 615 3923 nuato
641 3856 694 3923 illa
720 3881 823 3924 senum
855 3867 951 3925 aetate
976 3860 1035 3925 iam
1059 3869 1274 3950 provectorum,

104 3937 163 4025 qni'
177 3941 273 4006 subito
289 3942 430 4030 pristinas
443 3936 521 4008 vires
543 3944 719 4032 reciperent,
739 3942 814 4008 nihil
830 3942 911 4010 alind
931 3945 989 4010 luit
1001 3945 1061 4011 nisi
1082 3946 1183 4035 imago
1203 3948 1276 4013 civi.

102 4025 174 4089 tatis
196 4033 314 4128 torpore
335 4029 458 4176 spodon
481 4038 510 4093 et
530 4029 588 4093 situ
610 4029 694 4116 quasi
714 4029 871 4111 obductae,
892 4028 946 4094 sed
965 4029 1026 4095 iam
1045 4030 1142 4097 denuo
1163 4032 1277 4098 excite-

104 4118 154 4174 tae
188 4119 220 4176 et
243 4134 275 4176 m
302 4114 406 4177 meins
438 4113 599 4179 resfitetae.
642 4113 709 4178 lloe
737 4123 833 4178 autem
863 4114 1059 4202 spectaculum
1089 4136 1151 4181 nor
1182 4117 1275 4185 semel

103 4195 245 4282 antiquae
263 4198 433 4264 comoediae
452 4205 586 4263 anetem
606 4205 837 4284 emerunt,
862 4199 907 4266 rei
925 4199 1144 4290 Aristophanes
1163 4199 1197 4271 in
1218 4201 1275 4272 Se-
