2760 4792
105 217 171 285 336
487 212 891 287 COMMENTA'I'IONES

104 382 182 471 διπδρ
208 384 383 467 Σιμωνίδου
410 384 620 470 ίπανάρθωμα
648 390 714 466 τῆς
734 388 803 467 σῆς
828 387 1028 466 μουσικῆς,
1053 375 1135 470 ᾖτά
1153 398 1188 449 τι
1204 378 1275 467 βοά·
1312 430 1319 449 .

105 477 215 536 λεοθαι
238 473 289 534 καλ
311 472 472 550 ἐπιθυμεῖν
493 475 628 555 διαιροῖς,
650 468 739 545 deod
755 467 869 534 ταῦτδν
890 468 934 544 dr,
956 471 1007 532 καλ
1028 466 1119 533 dcciv
1139 470 1181 553 δὴ
1202 466 1277 547 εἶπες

105 552 205 620 πολλά
224 580 257 620 τι
284 557 335 619 καὶ
363 553 451 619 καλά.
493 557 557 621 Iam
582 556 728 620 Prodicus
754 555 889 620 omuibus
917 554 975 619 rite
1006 555 1186 621 examinatio
1211 556 1277 621 tuh-

56 678 62 686 -
106 642 256 727 ductisque
285 640 404 705 calculis
436 641 564 705 maxime
594 640 664 705 iude
697 640 733 703 ah
759 638 934 727 Olympiade
959 636 1125 705 LXXXIX
1149 639 1277 707 Adanu

106 726 223 790 uidetur
243 725 389 806 docuisse,
411 726 450 790 cf.
472 747 546 812 quae
557 725 741 790 Welckerus
763 723 800 788 de
821 722 950 788 Prodico
971 745 1000 811 ρ.
1022 725 1044 789 6
1064 723 1219 807 disseruit,
1237 726 1277 791 ila

107 818 205 875 tamen
218 816 250 874 ut
270 817 339 873 aule
359 811 416 874 hoc
436 818 550 899 tompus
562 810 670 898 potius,
692 830 777 893 quam
796 806 1049 896 posteadtheuaa
1069 808 1152 875 illum
1164 828 1278 875 accou-

106 896 210 960 tulisse
231 894 295 958 ueri
317 894 356 958 sit
375 894 491 959 similo:
514 902 600 979 alque
622 893 659 957 ad
679 892 805 993 eandem
818 893 890 991 ‘lere
912 898 1037 991 aetalem
1057 894 1189 981 pertinet
1207 894 1279 959 hacc

106 976 1279 1147 {uuolaamlaeaaidauacuculaaaaadfa

107 1148 242 1234 ἐρυθρὸν
262 1153 300 1233 τῇ
322 1145 403 1225 ὄψα.
418 1149 505 1232 atqui
526 1146 710 1235 Hipponicus
731 1147 838 1211 cecidit
862 1147 894 1209 iu
915 1146 1028 1234 proelio
1049 1146 1127 1235 apud
1148 1146 1280 1231 Delium,

108 1234 183 1319 quod
205 1234 323 1320 Olymp.
343 1231 516 1296 LXXXIX.
539 1234 557 1295 1
585 1231 771 1295 commissum
797 1236 858 1294 est:
891 1231 970 1295 circa
995 1231 1073 1296 idem
1099 1232 1196 1319 igitur
1215 1234 1279 1299 fere

107 1328 221 1405 tempus
254 1318 343 1381 etiam
368 1316 443 1380 hoec
475 1315 577 1380 fabula
603 1315 751 1378 videbitur
781 1314 867 1379 docta
893 1337 972 1380 esse.
1013 1315 1080 1379 Nec
1110 1322 1281 1419 repugnant

106 1404 231 1486 reliqua,
253 1402 356 1487 quibus
378 1401 517 1488 temporis
540 1400 637 1484 aliqua
658 1408 728 1463 uota
750 1399 842 1463 inest:
863 1399 907 1463 ita
926 1398 1144 1477 Archedouuum
1164 1401 1281 1467 videtur

106 1488 232 1568 risisse,
274 1486 323 1570 qui
350 1484 419 1548 iude
447 1484 557 1549 abillo
584 1492 714 1571 tempore
740 1484 819 1548 iuter
840 1485 975 1548 homiues
1001 1486 1160 1573 populares
1184 1486 1280 1551 locum

107 1571 231 1655 aliquem
254 1570 311 1633 sihi
334 1569 461 1658 aperuit:
483 1569 562 1632 huuc
583 1569 767 1632 euimviuum
789 1569 877 1633 credo
893 1569 1041 1656 exagitari
1056 1571 1127 1635 inf
1211 1578 1280 1635 culo

107 1657 183 1805 {pud
195 1654 393 1816 ulchffleltam
408 1652 563 1745 Aristoph.
574 1651 668 1742 Vesp.
677 1674 706 1718 v.
717 1654 795 1720 897:
813 1653 1002 1720 Ἔκτιίνοοοι
1024 1656 1076 1719 καλ
1095 1654 1133 1721 τδ
1163 1660 1279 1743 ρθροι·

134 1765 194 1804 οπο
215 1764 242 1815 ις
338 1758 370 1801 ν·
1270 1778 1273 1783 -

195 1840 262 1923 Τήν
282 1840 523 1926 πανδοκευτρίαν
542 1838 601 1928 γάρ
623 1836 699 1927 άκήρ
722 1838 739 1904 ὅ
760 1834 885 1925 γλήμωι
905 1838 975 1924 ἔχει.
1075 1874 1078 1879 ·

108 1941 303 2009 Scriheudum
322 1942 453 2007 videtur:

195 2043 262 2127 Τήν
282 2042 521 2130 πανδοκευτρίαν
540 2040 600 2128 γάρ
622 2039 699 2128 άνήρ
722 2038 738 2108 ὅ
759 2041 885 2129 γλάμων
905 2040 965 2127 δ’χα
986 2048 1051 2109 νῦν.

107 2146 184 2211 Nam
204 2140 328 2228 γλήμων
349 2145 463 2230 quidem
495 2145 613 2208 omuino
640 2146 832 2210 reiiciendum
853 2153 915 2228 est,
942 2146 999 2211 etsi
1026 2144 1142 2211 librarii
1162 2144 1193 2211 id
1214 2144 1279 2211 lero

119 2253 162 2294 uro
183 2226 308 2312 γλάμων
330 2230 552 2293 substituerunt„
581 2228 629 2292 lta
649 2230 726 2317 apud
745 2229 897 2295 Pollucem
918 2230 961 2295 L.
980 2230 1021 2295 ll.
1042 2231 1099 2295 os:
1117 2226 1279 2315 Ἐπικάρπ-

107 2253 154 2391 ὲις
181 2310 328 2394 ὀμμάτων
355 2312 439 2395 παρὰ
461 2310 607 2376 Πλάτωνι
633 2317 755 2398 γλαμᾶν
783 2317 833 2378 καὶ
856 2319 968 2397 λημᾶν.
1012 2314 1135 2401 vulgol
1176 2316 1280 2381 ebatur

108 2404 248 2482 γλημᾶνι
284 2397 338 2463 sed
360 2397 434 2463 Cod.
456 2396 483 2460 F
485 2397 664 2485 alkeuhurg.
685 2400 882 2488 suppeditavit
902 2404 1032 2482 γλαμᾶν.
1075 2336 1180 2469 ciffi
1202 2400 1278 2467 1882

101 2482 263 2566 Ἅργεμος,
285 2479 382 2564 λήμη,
404 2487 519 2565 λημᾶν,
542 2486 672 2564 γλαμιλν.
701 2483 749 2548 lta
768 2492 849 2549 recte
872 2482 966 2549 Codd.
1008 2483 1120 2569 letique
1160 2504 1196 2549 ro
1215 2482 1280 2549 vul·

109 2580 180 2656 gato
201 2572 331 2651 γλημᾶν.
358 2568 421 2631 lam
443 2568 470 2631 ci
491 2567 560 2631 licet
581 2569 776 2633 coniecturam
797 2569 970 2657 periclitari,
987 2506 1064 2633 llaec
1083 2504 1281 2669 intelligendu

110 2660 180 2717 suut
200 2653 237 2716 de
260 2651 462 2733 Archedemo,
489 2651 536 2715 cui
557 2674 597 2715 ex
618 2653 765 2718 oculorum
787 2654 904 2735 morbo,
932 2652 1009 2739 quod
1029 2652 1119 2717 nimio
1139 2652 1204 2717 vim
1224 2672 1280 2719 unu

108 2738 400 2888 {hicoutrguggrah
441 2736 565 2800 inditum
593 2743 657 2802 erat
688 2759 796 2802 nomeu
825 2734 960 2821 γλάμων.
1001 2736 1222 2827 Αῄιλρρλραιιαι
1246 2738 1280 2803 iu

140 2844 206 2886 auus
226 2843 255 2885 v.
349 2845 356 2884 ι

197 2903 328 2970 liciaco?
353 2903 539 2986 άπολοίμην,
569 2902 761 2989 κάρχίδημος
783 2902 798 2969 ὃ
820 2901 955 2990 γλάμων.

109 3008 159 3073 uhi
181 3005 350 3071 Scholiasta
375 3006 448 3069 haec
475 3006 560 3071 dicit:
601 3004 741 3089 γλάμων·
769 3004 884 3089 ὃδχων
909 3004 1024 3088 λήμας,
1052 3000 1280 3091 ὃάκάθαρτος,

108 3088 247 3174 παρόσον
267 3086 431 3173 ἔράμινάς,
453 3115 562 3176 φασιν,
584 3083 621 3173 ήν
643 3088 808 3156 Διονάσον.
854 3087 1083 3176 Καλλίστρατός
1106 3114 1212 3176 φησιν,
1233 3088 1281 3155 δτι

110 3175 208 3251 οὕτως
229 3178 362 3241 ι’καλιῖτο
385 3178 416 3237 Γ
414 3171 535 3254 λάμων,
557 3171 598 3250 ὡς
619 3174 747 3257 Χάρων.
784 3175 887 3240 Ἄλλοι
915 3175 966 3254 δέ,
987 3175 1041 3239 τδν
1061 3180 1208 3258 λημῶκτα
1228 3176 1281 3239 καλ

110 3264 232 3344 διὀγρον
253 3261 326 3335 τοδς
347 3258 544 3343 ὀφθαλμούς.
567 3260 638 3325 Fuit
658 3261 900 3335 isArchedemus
921 3282 982 3326 non
1004 3280 1165 3347 germanus
1186 3256 1282 3325 Atha·

109 3346 242 3427 niensis,
273 3345 325 3409 sed
343 3345 508 3492 Keregriua
529 3345 663 3445 origiue,
694 3346 731 3410 oh
752 3346 784 3410 id
809 3347 906 3433 ipsum
926 3367 988 3411 nou
1008 3342 1102 3411 semel
1121 3364 1141 3409 a
1160 3344 1281 3411 comicia

109 3438 241 3495 notatus:
265 3430 322 3494 vid.
375 3430 562 3517 cistophaues
583 3452 616 3494 m
636 3430 733 3495 Rauis
755 3452 784 3495 v.
804 3431 885 3497 419:

193 3513 354 3578 Bov'lwdc
375 3514 453 3592 δῆτα
474 3521 559 3599 κοινῇ

192 3597 374 3679 Σκώψωμικ
395 3597 592 3679 Ἀρχίδημον,

186 3682 243 3758 Ὃς
265 3682 389 3762 ἑπτέτης
411 3680 454 3744 ὢν
475 3683 530 3745 οάκ
552 3682 647 3767 ἔφυσε
668 3678 837 3769 φράτορας.

109 3769 161 3833 uhi
183 3768 367 3833 Scholiasta:
390 3762 406 3828 ὃ
429 3765 462 3829 δὲ
477 3765 665 3849 Ἀρχίδημος
686 3765 729 3843 ὡς
749 3771 833 3844 ξένος
854 3765 933 3853 παρ’
958 3767 1054 3832 oduei
1076 3766 1283 3853 κωμῳδεῖται·

109 3851 204 3933 νόμας
224 3853 281 3936 γὰρ
298 3843 336 3932 ἦν
355 3847 429 3925 τοδς
450 3852 482 3926 ἐξ
511 3851 688 3934 ἀλλοδαπῆς
702 3851 852 3936 Ἀθήνησι
879 3862 1028 3917 κατοικεῖν
1053 3851 1220 3927 ἐθέλοντας
1240 3852 1284 3925 είς

111 3936 252 4013 πολίτας,
279 3936 417 4000 ἐνταῦθα
436 3937 548 4020 χρόνον
569 3936 670 4020 ὀλίγον
691 3939 931 4021 διατρίψαντας,
953 3933 1181 4023 ἐγγράφεσθαι·
1208 3932 1283 4021 ὅπερ

107 4021 293 4103 Ἀρχίδημος
315 4019 370 4084 oda
391 4022 539 4102 ἐποίησεν.
561 4029 591 4085 et
612 4022 687 4085 alius
708 4022 834 4087 ibidem:
859 4024 956 4106 Λίγιι
978 4015 1047 4100 οὖν,
1070 4018 1117 4087 ὅτι
1135 4020 1284 4107 χροιίσας

111 4117 183 4182 παῖς
198 4103 362 4187 Ἀθήναις,
394 4103 450 4168 οὐκ
470 4103 607 4189 ἐδυνήθη
629 4104 844 4192 ἀναγραφῆναι
865 4109 907 4182 είς
927 4104 1000 4183 τοὺς
1019 4106 1164 4185 πολίτας,
1191 4096 1284 4181 οὗτος

110 4192 146 4256 δέ
165 4187 208 4265 ὡς
229 4191 311 4264 ’ξίνος
332 4191 536 4275 κωμῳδεῖται·
565 4193 616 4254 καὶ
637 4188 772 4267 Εὔπολις
792 4187 948 4268 Βάπταις·

192 4271 372 4362 Ἐπιχάριάς
392 4276 456 4340 ἐστι
477 4277 529 4341 καλ
550 4273 635 4360 ξίιης
656 4273 717 4341 άπὸ
736 4272 863 4359 χθονός.
