2768 4770
219 129 223 137 ’
347 161 408 230 uu
428 162 571 241 uacuo.
591 163 780 242 cumcun.
799 168 906 242 nur.
926 169 1071 251 sumo.
1174 127 1178 136 ⁵
1229 176 1297 249 sos

123 336 262 431 uteretur
282 337 312 395 et
332 330 369 396 oh
390 332 421 398 id
441 333 536 423 ipsum
550 312 704 421 plurimum
725 341 839 425 tempus
853 336 989 406 Corinthi
1009 344 1200 430 transigeret,
1220 367 1294 413 sane

120 422 220 566 potuit
240 415 450 506 Theopompus
472 421 513 482 ita
533 419 704 502 instituere,
734 429 767 484 ut
787 419 969 511 Aphrodisia
993 427 1069 511 ista,
1096 429 1200 513 quibus
1219 431 1294 498 Phi-

137 501 243 564 onides
264 501 438 583 interesset,
461 502 598 567 Corinthi
620 504 849 571 celebrarentur.

210 585 331 652 Admeti
357 587 540 669 comoediae,
569 609 652 674 quam
679 591 737 654 scri
759 591 799 654 sit
820 591 1046 682 Theopompus,
1073 597 1170 661 tenuis
1195 605 1294 663 exstat

121 673 267 742 memoria
292 671 368 774 apud
389 672 573 737 Athenaeum
594 673 662 741 XV.
680 696 712 775 p.
733 611 797 740 dou
817 675 862 754 A,
890 678 943 742 sed
964 678 1080 744 videtur
1105 680 1143 746 ad
1170 682 1292 748 eandem

120 759 254 826 fabulam
284 756 364 822 ahud
389 757 588 844 fragmentum
612 765 779 848 pertinere,
806 762 882 846 quod
913 762 1023 850 legitur
1048 763 1155 829 ibidem
1183 765 1235 834 vl.
1262 789 1290 856 p.

118 843 189 908 264
210 841 254 906 A:
285 843 449 905 Θετταλῶν
470 841 503 905 δέ
529 838 675 926 λεγόντων
694 843 851 920 Πενέστας
877 845 951 922 code
976 846 1019 930 μὴ
1046 845 1125 934 γόνῳ
1152 847 1291 929 δούλους,

119 926 176 994 διὰ
197 924 332 1007 πολέμου
354 924 386 990 δ’
409 921 579 1010 ἡλωκότας,
609 922 793 1012 Θεόπομπος
819 928 952 1012 κωμικὸς
977 930 1228 1019 ἀποχρησάμενος
1252 941 1291 1020 τῆ

119 1016 211 1101 φωνῇ
232 1012 327 1098 φησί·
1271 1002 1279 1023 “

207 1141 218 1160 .
239 1141 249 1162 .
276 1091 438 1160 Δισπάτον
459 1093 602 1160 πενέστου
624 1092 703 1181 ῥυσὰ
723 1094 937 1181 βουλευτήρια.

115 1181 235 1249 Refero
259 1181 338 1245 huuc
363 1200 480 1245 versum
506 1180 546 1264 ‚ad
566 1179 739 1264 Admetum,
781 1183 963 1272 potissimum
985 1185 1120 1270 quoniam
1142 1181 1291 1270 δεσπότης

92 1264 264 1347 ’πενέστης
285 1266 321 1330 de
348 1286 423 1352 rege
444 1264 613 1347 Thessalo,
655 1266 705 1351 qui
749 1269 863 1333 uamvis
891 1269 997 1351 herus,
1040 1270 1166 1333 inferior
1192 1277 1290 1336 tamen

116 1352 216 1418 servis
238 1357 332 1431 esset,
353 1352 426 1414 satis
447 1349 544 1498 lepide
565 1356 595 1414 et
615 1350 711 1415 facete
731 1287 839 1416 dietum
860 1359 922 1418 est:
956 1375 1073 1418 servum
1094 1361 1189 1419 autem
1210 1356 1289 1442 loqui

115 1437 258 1517 arbitror,
299 1436 328 1499 ui
349 1456 436 1499 senes
458 1455 476 1497 a
516 1432 644 1499 Admeto
665 1435 698 1499 in
719 1437 871 1502 consilium
894 1438 1040 1503 adhibitos
1058 1439 1100 1502 itu
1120 1440 1289 1528 compellat:

114 1528 147 1587 et
168 1521 244 1609 apud
266 1455 436 1607 illuripidem
457 1538 570 1603 quoque
596 1519 629 1582 in
650 1522 825 1607 cognomine
851 1522 953 1587 fabula
974 1524 1081 1588 chorus
1108 1545 1148 1588 ex
1167 1525 1288 1590 senibus

113 1605 277 1671 Thessalis
299 1611 426 1669 constat:
458 1604 524 1692 ipsa
544 1623 616 1667 vero
636 1604 710 1668 haec
730 1605 824 1669 oratio
845 1627 968 1693 prorsus
996 1608 1033 1672 ad
1055 1609 1197 1693 tragicam
1218 1630 1288 1697 gra-

112 1692 236 1840 uitsltppu
267 1689 420 1755 ridendam
447 1687 607 1775 composita
633 1694 694 1773 est,
737 1710 888 1780 compares
913 1690 1098 1778 Aeschylum
1124 1694 1158 1756 in
1181 1693 1287 1760 Persis

114 1795 149 1844 v.
237 1796 246 1840 ι
905 1808 908 1813 ’
1036 1804 1039 1809 ·

200 1855 289 1944 Πρὸς
309 1852 389 1937 τάδ’,
411 1854 453 1932 ὡς
475 1852 572 1932 οδτως
593 1851 828 1938 έχάντωντῶνδε
849 1855 1021 1939 σύμβουλοι
1042 1853 1134 1942 λάχου

203 1943 306 2007 Τοῦδέ
324 1968 379 2023 μοι
399 1941 523 2024 perinde
543 1944 676 2024 Περσῶν
695 1943 831 2026 γηραλέα
853 1939 1045 2023 πιστώματα.

115 2028 205 2094 Theo
224 2049 338 2116 ompum
352 2034 447 2091 autem
462 2027 701 2091 verisimillimum
724 2034 771 2091 est
786 2028 885 2095 inhac
904 2028 1006 2109 fabula
1019 2027 1193 2092 tractavisse
1213 2028 1285 2094 illud
1304 2069 1308 2079 ι

112 2113 152 2178 de
162 2049 288 2178 Admeto
301 2111 489 2177 etAlcestide
501 2110 619 2193 reduce,
632 2111 860 2198 dequellercule
873 2119 1088 2200 argumentum,
1102 2133 1158 2199 quo
1170 2114 1285 2196 quidem

110 2205 288 2286 argumento
315 2198 372 2261 iam
394 2196 553 2284 Euripides
580 2198 623 2260 ita
648 2218 719 2261 usus
747 2205 827 2279 erat,
858 2205 891 2261 ut
917 2198 954 2262 ad
975 2199 1113 2263 comicam
1135 2197 1284 2263 levitatem

106 2304 202 2382 prope
229 2282 389 2346 accederet.
432 2281 567 2344 Pertinet
588 2288 683 2345 autem
705 2282 777 2346 haec
804 2283 905 2346 fabula
932 2281 969 2347 ad
991 2282 1133 2363 mediam,
1159 2304 1220 2347 non
1246 2283 1284 2350 ad

109 2382 260 2452 annquam
282 2366 460 2431 comoediam
492 2372 522 2429 et
542 2387 601 2429 una
631 2386 671 2429 ex
697 2367 854 2466 postremis
875 2365 1062 2455 Theopompi
1087 2367 1196 2432 fabulis
1227 2373 1283 2449 est,

105 2452 140 2516 id
163 2450 239 2537 quod
268 2451 367 2537 arguit
387 2450 515 2514 Peronis
536 2451 726 2536 unguentarii
747 2451 997 2532 commemoratio,
1031 2451 1088 2515 vid.
1109 2449 1282 2517 Athenaeus

106 2536 178 2605 XV.
221 2536 315 2601 .690
333 2537 379 2599 A:
407 2529 603 2616 Μνημονεύει
631 2539 687 2598 τοῦ
708 2530 895 2615 μυροπώλου
921 2530 1032 2598 τούτου
1058 2539 1114 2598 τοῦ
1136 2535 1283 2620 Πέρωνος

107 2623 161 2685 καλ
186 2557 370 2700 (διάπομπος
391 2620 423 2683 ἐν
441 2616 582 2704 Ἀδμήτῳ
604 2621 655 2682 καλ
677 2620 709 2683 έν
724 2616 900 2703 Ἡδυχάρει.
927 2617 1075 2684 Peronem
1095 2621 1183 2683 istum
1204 2641 1283 2685 com·

106 2717 252 2771 memorat
283 2706 370 2769 etiam
398 2702 631 2768 Anaxandrides
662 2704 694 2767 in
720 2704 888 2770 Protesilao
920 2704 997 2795 apud
1026 2703 1213 2770 Athenaeum
1245 2726 1281 2770 eo

106 2790 194 2872 loco,
215 2811 299 2875 quem
322 2789 401 2870 dixi,
423 2795 453 2853 et
473 2788 542 2853 Xll.
564 2810 593 2876 p.
614 2789 678 2854 553
699 2789 746 2854 D:

194 2871 299 2959 Μάρῳ
322 2874 355 2937 δὲ
376 2873 461 2955 παρὰ
481 2872 644 2959 Πέρωνος,
668 2863 760 2958 οὗπερ
783 2870 915 2940 ἀπέδοτο

188 2955 298 3040 Ἐχθὲς
319 2954 522 3045 Μελανώπῳ,
550 2962 749 3036 πολυτελοῦς,
770 2957 953 3040 Αλχυπτέου,

187 3033 239 3106 Ὧι
261 3048 315 3106 νῦν
336 3041 450 3128 ἀλείφει
471 3041 544 3118 τοὺς
565 3038 663 3119 πόδας
683 3040 931 3125 Καλλιστράτου.

104 3126 158 3214 qui
177 3149 282 3194 versus
309 3128 351 3192 ita
377 3135 447 3192 suut
473 3127 654 3216 explicandi:
692 3131 867 3209 Unguento
895 3151 918 3190 a
945 3129 1093 3206 Peraeae,
1117 3129 1277 3204 pretioso,

103 3217 289 3296 Aegyptio,
311 3219 402 3298 quod
419 3212 574 3276 hesterno
597 3217 652 3276 die
673 3216 852 3289 Melauopo
874 3211 1035 3285 vendidit,
1058 3230 1146 3272 ιιιιιισ
1168 3213 1278 3272 eodem

107 3304 305 3364 Callistrato·
327 3303 431 3376 pedes
454 3303 647 3378 permulcet.
691 3294 854 3384 compositi
886 3303 981 3360 annm
1017 3294 1048 3358 bi
1074 3313 1179 3357 versus
1208 3298 1278 3357 sunt

104 3384 144 3448 ad
166 3384 259 3470 ipsius
281 3390 313 3446 ut
333 3382 450 3446 videtur
470 3382 599 3446 Peronis
619 3381 844 3445 inconstautiam
873 3379 1090 3466 castigandam,
1140 3377 1171 3441 ui
1190 3376 1276 3442 modo

102 3467 265 3556 Melanopo
294 3468 417 3547 laverit,
445 3466 531 3531 modo
552 3487 570 3530 a
591 3464 755 3531 Callistrati
780 3465 914 3566 partibus
940 3462 1068 3528 steterit:
1135 3461 1275 3550 elanopus

103 3552 184 3618 enim
207 3561 236 3616 et
258 3551 446 3618 Callistratus
474 3551 507 3614 in
538 3572 571 3614 re
593 3550 688 3615 ublica
715 3549 947 3615 administranda
973 3546 1167 3636 gravissimas
1189 3567 1276 3611 exer-

102 3645 228 3702 cueruut
254 3636 438 3700 inimicitias:
481 3634 540 3699 uisi
560 3572 638 3700 lbrte
665 3635 783 3699 ultimus
804 3655 909 3699 versus
930 3633 973 3697 ita
993 3639 1039 3697 est
1060 3630 1275 3720 explanandus,

102 3729 136 3787 ut
157 3743 218 3786 non
240 3722 276 3786 de
288 3722 406 3787 Perone
429 3720 542 3784 dicatur
561 3740 664 3785 verum
686 3719 722 3784 de
743 3718 914 3807 Melanopo,
934 3738 1019 3803 quem
1039 3722 1126 3805 poeta
1145 3716 1273 3781 fortasse

123 3828 157 3871 ro
178 3815 260 3871 terea
287 3814 389 3869 notare
416 3804 526 3886 voluit,
567 3804 645 3890 quod
692 3825 774 3868 arum
801 3803 886 3871 firmo
912 3808 993 3867 esset
1019 3801 1132 3882 mimo,
1172 3799 1274 3864 itaut

101 3828 277 3957 ballistrato
304 3892 390 3955 modu
417 3890 593 3970 assentiret,
621 3824 707 3953 modu
735 3888 956 3953 adversareturt
976 3884 1166 4036 Melampus
1193 3885 1271 3950 enim

100 3976 166 4058 ille,
187 3977 244 4040 etsi
264 3977 412 4040 diversam
434 3975 610 4061 sequebatur
631 3974 816 4055 sententiam,
837 3979 936 4038 tamen
956 3991 1085 4059 saepes

123 4062 229 4126 ecunia
255 4068 408 4149 corruptus
436 4059 526 4125 cessit
551 4058 736 4124 adversum:
770 4079 854 4144 qnam
882 4055 1036 4123 avaritiam
1061 4055 1091 4119 ei
1112 4053 1272 4142 exprobrat

99 4083 281 4213 l'lutarchus
302 4146 333 4208 in
354 4146 416 4209 vita
437 4143 647 4211 Demosthenis
667 4163 697 4210 v.
719 4144 775 4210 13:
801 4142 868 4207 Kal
879 4136 1087 4216 Μελάνωπος,
1115 4136 1270 4202 ἀντιπολι-

97 4228 261 4315 τευόμενος
282 4225 508 4318 Καλλιστράτῳ
534 4230 586 4294 eat
612 4224 759 4305 πολλάκις
779 4221 835 4294 ὑπ’
865 4224 964 4294 αὐτοῦ
987 4220 1125 4313 χρήμασι
1144 4245 1289 4304 maure·

1127 3969 1271 4033 allistrato
1371 4032 1375 4052 ,
