2768 4770
355 222 415 291 DE
435 221 580 301 numu.
600 221 789 293 conoul).
808 221 916 292 ATT.
936 223 1083 302 ANTIQ.
1237 226 1302 298 1²7

212 382 310 458 Κάτα
329 396 524 475 μυροπωλεῖν
547 390 581 457 τί
597 385 729 473 μαθόντ’
752 386 837 477 ἄνδρ’
860 390 953 478 ἐχρη”ν
972 392 1151 478 καθημέναν

100 523 104 531 -
207 477 360 560 Ὗηιηλῶς
378 474 439 542 hub
461 478 620 564 σκιαδείῳ,
646 476 924 558 κατεσκευασμένον

103 592 111 605 ·
210 563 394 648 Συνέδρων,
414 572 480 638 τοῖς
499 562 667 648 μειρακίοις
683 560 722 625 ‘la'
745 557 844 626 ἐλάλει
865 559 903 626 δι’
926 557 1054 648 ἡμέρας.

104 649 333 739 Τλιθυρλιταελ.
359 647 452 714 Char.
472 646 531 713 Xlt
557 648 624 711 Καί
650 648 825 730 διηγεῖσθαι
853 647 990 730 προστὰς
1015 647 1093 734 πρὸς
1116 657 1254 734 κουρεῖον
1277 647 1298 734 ἢ

105 732 347 887 mellitus
367 728 818 905 lismensem
845 731 1300 884 λιπαίνων

576 865 586 898 ‚
777 865 779 869 .
1285 859 1300 874 .

106 904 280 986 horreret,
307 906 350 968 ita
374 923 491 968 omnem
511 903 722 967 humanitatem
744 903 896 984 exuisset,
923 910 956 966 ut
980 903 1039 968 ista
1064 902 1130 968 loca
1155 925 1216 969 uon
1236 904 1299 970 fre·

111 995 297 1076 quentaret,
318 989 351 1051 in
371 986 532 1074 Aristegit
552 985 578 1052 I.
600 987 642 1052 Τ.
663 986 702 1056 V.
723 1009 751 1076 p.
771 987 816 1053 82
838 987 883 1052 ed.
905 985 1022 1053 boun:
1045 985 1152 1053 Ἀλλὰ
1173 986 1299 1072 πορεύε-

112 1099 177 1139 ται
201 1072 253 1137 διὰ
272 1078 329 1155 τῆς
349 1069 462 1158 ἀγορᾶς
484 1069 585 1157 ὥσπερ
606 1071 669 1154 ἴχις
689 1069 981 1158 ἢσκορπίοςήρκώς
996 1072 1032 1137 τδ
1054 1073 1178 1157 κέντρον
1198 1071 1299 1139 άντων

116 1161 219 1242 δεῦρο
244 1155 377 1233 κάκεῖσε,
402 1161 526 1222 σκοπῶν
551 1158 609 1221 τίνι
642 1157 808 1243 συμφορὰν
833 1154 853 1239 ή
879 1160 1082 1243 βλασφημίαν
1106 1154 1126 1239 ii
1155 1139 1249 1222 καιῖόν
1268 1184 1299 1225 τι

117 1237 396 1328 προστριψάμενος
421 1244 474 1306 καὶ
499 1237 696 1323 καταστήσας
722 1246 764 1319 εἰς
791 1237 891 1327 φόβον
917 1240 1063 1330 ἀργύριον
1088 1239 1297 1330 είσπρόξεται·

120 1327 201 1394 anibi
223 1332 399 1416 προσφοιτᾶ
429 1323 506 1413 πρός
525 1353 556 1392 τι
576 1324 694 1392 τούτων
723 1328 756 1392 έν
780 1333 818 1412 τῇ
840 1325 925 1392 πόλει
946 1329 1090 1414 κουρείων
1110 1325 1131 1437 ἢ
1150 1353 1298 1413 μυροπω-

119 1414 218 1500 λείων
239 1412 259 1496 ἢ
287 1418 350 1478 τῶν
377 1391 478 1476 ἴλλων
504 1412 711 1497 ἐργαστηρίων
738 1411 810 1477 οδδέ
836 1412 913 1500 πρὸς
935 1415 980 1492 έν,
1023 1410 1089 1477 ἀλλ’
1116 1414 1294 1494 οίσπειστος,

119 1497 303 1582 ἀνίδρυτος,
330 1495 472 1578 ιῖμικτος,
495 1496 531 1561 οὔ
551 1493 657 1583 χάριν,
686 1495 722 1562 οδ
744 1498 865 1584 φιλίαν,
894 1496 951 1563 οὐκ
977 1495 1042 1562 ἄλλ’
1066 1496 1157 1563 οὐδέν
1176 1487 1221 1564 ών
1240 1497 1296 1565 δίν-

119 1587 255 1670 θρωπος
273 1581 399 1668 μέτριος
416 1578 599 1666 γιγνώσκων.

211 1667 339 1732 Omnino
360 1674 456 1732 autem
476 1665 707 1731 Atheniensium
726 1665 896 1748 multitudo,
921 1688 996 1752 quae
1015 1689 1122 1734 versus
1142 1669 1296 1738 menidiem

120 1753 157 1819 in
176 1751 274 1819 faran
295 1753 503 1832 conveniebat,
525 1773 589 1815 cum
611 1757 693 1814 esset
713 1758 743 1815 et
763 1751 971 1815 confabulandi
992 1759 1022 1817 et
1042 1755 1196 1841 spectandi
1215 1756 1297 1843 cupi·

122 1837 263 1920 diuina,
282 1837 397 1902 solebat
417 1837 570 1916 officinas,
591 1836 748 1919 tabernas,
773 1835 953 1915 tenstninas,
975 1836 1035 1901 alin
1055 1859 1130 1923 quae
1150 1846 1237 1904 erant
1256 1839 1295 1906 ad

121 1922 227 1988 samm
250 1922 332 1987 alim
357 1922 456 2007 ibique
482 1922 565 1984 varia
592 1941 730 1984 sermone
755 1925 813 1984 tem
834 1941 869 1984 us
896 1919 1058 1985 laetissime
1084 1922 1206 2005 fallere,
1234 1923 1294 1990 uu.

145 2012 366 2072 mterceteras
376 2007 492 2094 Lysias
513 2004 550 2070 de
562 2005 699 2070 Invalida
713 2006 769 2070 19:
823 2003 897 2070 τιδέ
917 2007 968 2069 καὶ
982 2005 1187 2091 συλλέγεσθαί
1198 2032 1294 2093 φησιν

94 2070 109 2095 ⁸
121 2027 311 2178 ἴνθρώπους
331 2089 373 2168 ὡς
393 2091 447 2172 ἐμὲ
467 2089 620 2175 πονηροδς
645 2091 697 2154 καί
718 2085 866 2167 πολλούς,
895 2089 929 2155 οἴ
944 2089 984 2155 τὰ
1003 2091 1060 2172 μὲν
1080 2090 1198 2157 ἑαυτῶν
1217 2092 1295 2178 ἀνη-

121 2174 258 2254 λώκασι,
290 2185 356 2252 τοῖς
383 2178 418 2240 δὲ
446 2175 487 2241 τδ
512 2174 646 2261 σφέτερα
672 2171 776 2255 σώζειν
809 2174 1010 2256 βουλομένοις
1034 2173 1293 2259 ἐπιβουλεύουσιν.

115 2256 224 2343 Ὑμεῖς
244 2261 279 2326 δέ
297 2257 497 2344 ἐνθυμήθητε
518 2257 641 2336 πάντες,
669 2256 715 2325 ότι
741 2265 840 2325 ταῦτα
861 2260 957 2346 λέγων
983 2258 1074 2327 οὐδέν
1098 2264 1175 2345 ἐμοῦ
1195 2288 1293 2348 κατη-

120 2355 210 2431 γορεῖ
225 2351 344 2427 μᾶλλον
370 2344 390 2429 ἢ
411 2352 474 2410 τών
493 2343 595 2423 ἄλλων
615 2343 682 2410 ὅσοι
710 2345 818 2428 τέχνας
838 2344 974 2428 ἴχουσιν,
1001 2344 1075 2412 οδδέ
1094 2354 1156 2414 τῶν
1176 2346 1219 2426 ὡς
1238 2349 1293 2431 ἐμέ

121 2428 277 2511 εἰσιόντων
300 2436 434 2513 μᾶλλον,
469 2428 490 2514 ή
515 2435 578 2495 τῶν
598 2427 640 2506 ὡς
667 2430 739 2506 τοδς
759 2429 873 2508 ἄλλους
893 2431 1108 2519 δημιουργοός.
1143 2430 1294 2512 Ἕκαστος

119 2515 181 2598 γάρ
211 2512 299 2597 υμῶν
325 2516 458 2580 εἴθισται
485 2520 692 2601 προσφοιτᾶν,
725 2511 741 2578 ὁ
767 2516 825 2597 μὲν
850 2514 928 2623 πρὸς
952 2523 1176 2602 μυρσπωλεῖον,
1219 2515 1294 2584 ὅδὲ

120 2600 201 2684 πρὸς
227 2610 378 2686 κουρεῖον,
407 2598 423 2665 ὃ
450 2602 484 2664 δὲ
510 2600 588 2684 πρὸς
613 2610 842 2683 σκυτοτομεῖον,
870 2600 941 2667 eb'
971 2599 1040 2666 δ’ποι
1062 2600 1101 2667 δν
1120 2599 1212 2689 τάχη,
1239 2607 1292 2669 καὶ

120 2690 256 2751 πλεῖστοι
276 2687 332 2768 μέν
352 2682 395 2761 aig
414 2684 487 2762 τοδς
508 2683 661 2768 ἐγγυτάτω
677 2691 732 2768 τῆς
752 2685 868 2770 ἀγορᾶς
888 2688 1198 2769 κατεσκευασμένους,
1219 2686 1292 2753 ἐλά-

118 2792 221 2852 χιστοι
242 2772 276 2836 δέ
296 2767 339 2848 ώς
358 2771 433 2847 τοδς
446 2775 585 2835 πλεῖστον
607 2770 776 2853 ἀπέχοντας
797 2771 901 2856 αὐτῆς,
928 2769 998 2837 ὥστ’
1017 2772 1099 2850 εἴτις
1123 2769 1212 2855 ὑμῶν
1232 2799 1290 2838 πο·

119 2857 229 2938 νηρίαν
249 2854 473 2942 καταγνώσεται
489 2862 551 2920 τῶν
571 2853 613 2933 ὡς
628 2857 682 2936 ἐμὲ
693 2854 855 2934 εἰσιόντων,
878 2859 971 2939 δῆλον
991 2855 1037 2922 ότι
1052 2861 1104 2923 καλ
1121 2865 1184 2924 τών
1204 2859 1290 2943 παρὰ

118 2949 185 3017 τοῖς
223 2937 329 3017 ἄλλοις
356 2938 589 3026 διατριβόντων,
621 2943 649 3005 εί
679 2941 713 3004 δέ
738 2939 896 3021 κάκείνων,
927 2938 1070 3008 ἁπάντων
1102 2942 1288 3026 Ἀθηναίων,

118 3022 252 3102 ἅπαντες
282 3025 341 3111 γὰρ
373 3027 495 3091 εἴθισθε
527 3031 719 3112 προσφοιτᾶν
754 3029 806 3090 καλ
838 3029 1004 3111 διατρίβειν
1033 3027 1116 3108 ἁμοῦ
1149 3031 1185 3112 γέ
1218 3048 1290 3094 που.

117 3108 255 3176 Eandem
279 3110 428 3175 luxuriam
451 3111 604 3193 Eubulus,
631 3111 745 3176 mediae
773 3112 939 3178 comoediae
965 3121 1070 3202 poeta,
1099 3123 1179 3178 certe
1205 3114 1290 3198 quasi

115 3196 463 3367 ἴῖἴῖἷξλέἴὲἶῖεῗ
487 3196 780 3371 ελῖἕῖόῗρλλλῖἒ
789 3194 1290 3371 ἰἕδλιέλῗῖλίλλῖἴῖιλῗλλ

113 3365 269 3455 pertinent
287 3365 333 3429 illi
353 3387 458 3431 versus
480 3367 557 3455 apud
578 3364 764 3430 Athenaeum
784 3365 854 3435 XV.
876 3390 903 3455 ρ.
925 3368 989 3432 679
1010 3367 1053 3432 E:
1108 3328 1120 3366 ³

202 3447 381 3536 Στεφάνους
401 3450 474 3526 ἴσως
500 3447 666 3530 βοόλεσθε’
688 3446 788 3536 πότερ’
812 3449 1018 3536 ἑρπυλλίνους,

192 3531 241 3598 Ἢ
258 3537 423 3619 μυρτίνους
441 3532 461 3616 ή
482 3541 544 3599 τών
564 3536 838 3620 διεξηνθισμένωνς
958 3573 960 3580 <
1056 3536 1059 3543 ’

201 3620 242 3682 Β.
265 3623 339 3684 Teia
363 3622 516 3707 μυρτίνων
535 3618 717 3702 βουλόμεθα
738 3617 856 3686 τούτων
875 3624 937 3685 τών
956 3625 1075 3702 καλῶν,

201 3702 250 3766 Σδ
271 3704 306 3767 δέ
319 3697 423 3769 τᾶλλα
444 3701 536 3769 πώλει
558 3703 658 3770 πάντα
680 3706 759 3789 πλὴν
779 3713 841 3771 τών
860 3708 1024 3789 μυρτίνων.

106 3789 168 3857 Sic
197 3789 276 3853 enim
301 3789 377 3854 haec
401 3790 584 3855 restituenda
609 3792 756 3873 arbitrer,
783 3793 854 3856 item
881 3792 957 3858 alies
983 3813 1089 3860 versus
1110 3800 1156 3878 {ex
1182 3793 1286 3863 eadem

104 3872 219 3942 sabula
240 3874 316 3962 apud
337 3873 523 3940 Athenaeum
545 3875 616 3941 ibid.
637 3878 679 3940 ita
700 3877 849 3966 configas:
1076 3905 1077 3908 ¹

200 3960 359 4042 Αἰγίδιον,
380 3955 583 4027 obliviale
604 3957 749 4046 φορήσεις

201 4043 363 4129 Στέφανον
384 4046 599 4110 πολυποίκιλον
619 4045 749 4120 ἀνθέων,

201 4130 235 4191 Γ
232 4127 419 4211 ρυπότατον,
438 4129 654 4214 χαριέστατον,
677 4123 702 4194 ὦ
722 4135 797 4198 Ζεῦ.

203 4215 249 4276 Τί
265 4210 342 4298 γόρ;
364 4212 459 4279 αὐτόν
478 4214 591 4296 ἔχουσα
612 4212 746 4300 φιλήσει.
964 4288 968 4294 ,
1032 4258 1034 4262 >

103 4297 259 4367 Ceterum
299 4300 333 4364 in
374 4300 431 4366 hoe
468 4299 585 4367 Cratini
608 4301 777 4378 fraumenta
803 4323 865 4369 nnn
889 4310 970 4371 reete
991 4302 1107 4373 Geraes
1130 4304 1164 4373 in
1196 4326 1284 4372 versu
