2760 4792
307 187 367 253 DE
387 186 529 262 Romo.
551 183 738 253 comodo.
758 184 864 250 ΑΤΤ.
885 183 1029 259 ANTIQ.
1183 191 1249 255 aab

162 353 231 441 ’Ἀγε
252 353 291 439 δὴ
312 355 388 440 πρὸς
409 356 449 419 ἵω
469 361 592 440 πρῶτον
612 349 754 417 ἁπάντων
776 354 854 417 ἵστω
876 356 926 417 καί
947 349 1085 435 λάμβανε
1101 357 1207 444 χερσὶν

169 445 280 523 Σχῖνον
299 437 442 524 μεγάλην.

84 526 178 602 Quem
199 548 316 590 versum
337 527 379 590 ita
399 525 528 613 explicat
546 522 703 587 Hanovius
729 523 760 586 in
783 521 914 587 Exercit.
935 544 963 611 p.
985 521 1045 588 ut:
1087 529 1246 606 ‚fitentur

83 636 157 675 cun
177 615 325 674 Pericles
352 624 486 689 propter
511 615 634 686 capitis
669 614 913 689 longitudinem
950 624 984 671 ct
1008 615 1247 687 defhrms'totem

85 704 194 767 dictare
215 704 263 758 stt
281 696 515 777 σχινοκέφαλος,
535 698 601 756 uid.
621 693 794 755 Plutarch.
814 701 875 757 ott.
897 696 1021 758 Peral.
1042 718 1071 759 c.
1095 699 1115 756 3
1138 711 1172 759 et
1193 699 1244 776 13,

83 783 170 844 hunc
196 789 348 857 suspicor
374 786 556 843 lustratum
582 800 655 842 esee
687 789 723 840 et
747 802 784 840 eo
813 783 943 861 quictem
967 783 1058 860 fine,
1101 795 1142 843 ut
1166 797 1247 858 post

84 870 226 928 adiectis
246 868 389 927 moribus
412 871 574 941 pristinis
591 870 722 927 civitati
744 866 823 926 dene
844 868 1070 928 consuleret.“
1111 864 1155 930 A:
1174 867 1246 930 mihi

84 950 199 1036 quidem
222 949 268 1012 vir
289 949 473 1013 doctissimus
494 947 610 1011 videtur
631 948 661 1009 in
683 967 786 1011 errore
807 948 938 1022 versari,
965 969 1059 1032 neque
1081 950 1159 1014 enim
1180 951 1246 1038 agi-

83 1043 132 1099 tur
154 1034 190 1098 de
203 1034 322 1098 Pericle
343 1032 494 1097 lustrando
516 1039 566 1096 aut
585 1031 697 1095 scelere
718 1032 815 1117 aliquo
836 1031 994 1119 expiando,
1015 1055 1117 1098 verum
1139 1035 1246 1100 chorus

63 1117 247 1194 *Chironum
275 1118 459 1198 haecdicit,
495 1117 545 1180 ubi
578 1117 706 1200 loquitur
731 1139 795 1180 cum
823 1116 939 1200 aliquo,
967 1119 1015 1202 qui
1041 1116 1179 1183 Solonem
1208 1141 1247 1183 ex

82 1204 190 1270 inferis
211 1200 354 1267 suscitare
380 1201 513 1266 volebat:
540 1203 696 1264 utebantur
717 1209 813 1265 autem
834 1202 1072 1283 lustrationibus,
1099 1205 1147 1289 qui
1169 1226 1246 1269 mor-

83 1302 204 1353 tuorum,
221 1289 334 1351 animas
356 1308 394 1350 ex
416 1307 483 1350 orco
506 1287 709 1366 arcessebant,
732 1287 789 1350 vid.
811 1285 968 1350 Scholiast.
988 1286 1246 1376 Euripiddlcest.

47 1423 50 1430 .
81 1393 113 1439 τ.
135 1374 235 1449 1138,
264 1373 313 1458 qui
340 1393 379 1436 ex
403 1371 565 1436 Plutarcho
597 1371 671 1434 haec
703 1372 860 1435 memoriae
892 1371 1026 1436 tradidit:
1063 1377 1245 1457 Ψυχαγιυγοὶ

83 1463 260 1539 καθαρμοῖς
280 1480 340 1519 τισι
362 1459 412 1519 καί
433 1457 584 1538 γοητείαις
605 1456 645 1518 τὰ
659 1455 769 1518 albata
791 1453 937 1536 ἐπάγουσί
955 1481 986 1518 τε
1008 1459 1057 1519 ’καί
1080 1458 1245 1541 ἐξάγουσιν.

82 1545 256 1624 Καθαρμοὶ
285 1543 363 1605 enim
391 1549 461 1603 sunt
481 1562 565 1603 sacra
591 1541 810 1628 superstitiosa,
840 1562 912 1624 qnae
934 1541 965 1604 in
987 1543 1246 1630 supplicationibus

83 1627 204 1691 deorum
225 1626 387 1690 inferorum
409 1625 619 1688 offerebantur.
650 1624 700 1687 Ab
722 1625 768 1687 his
791 1633 886 1688 autem
915 1626 1026 1691 artibus
1053 1649 1113 1691 non
1141 1628 1247 1692 abhor-

80 1711 180 1776 ruisse
202 1709 363 1777 Chironem
389 1708 436 1770 vel
467 1716 623 1794 propterea
648 1716 874 1770 consentaneum
902 1717 962 1789 est,
996 1713 1071 1795 quod
1101 1719 1165 1776 arte
1185 1734 1247 1777 me·

82 1796 173 1860 dendi
204 1795 262 1859 fuit
286 1792 433 1878 insignis,
467 1791 598 1875 qnodque
625 1788 835 1853 Bacchicarum
869 1812 980 1875 quoque
1013 1795 1191 1881 religionum
1217 1805 1247 1862 et

82 1880 288 1945 lustrationum
316 1883 417 1939 auctor
467 1874 618 1937 erhibetur
645 1874 724 1955 (vid.
755 1874 882 1938 Ptolem.
909 1875 1072 1963 Hephaest.
1098 1879 1152 1947 lv.
1173 1882 1246 1954 ott.
1359 1900 1364 1909 ·

82 1963 306 2030 Convenienter
331 1961 424 2047 igitur
448 1897 591 2024 Ρθλιίτοοίο
621 1980 766 2046 personae
794 1957 935 2025 Cratinus
968 1963 1022 2025 hoc
1048 1963 1248 2053 praecipiendi

81 2068 189 2113 munus
211 2046 248 2110 de
269 2044 489 2109 lustrationibus
501 2044 590 2108 choro
612 2044 725 2108 tribuit:
746 2044 826 2107 iubet
847 2053 941 2108 autem
963 2047 1069 2111 chorus
1091 2048 1127 2112 ad
1150 2049 1248 2117 orien-

84 2140 142 2196 tem
170 2131 296 2218 spectari
304 2154 316 2210 ‚'
355 2129 489 2215 quoniam
519 2129 593 2192 haec
618 2128 708 2216 plaga
735 2129 809 2193 coeli
835 2130 962 2194 maxime
991 2131 1089 2196 fausta
1115 2139 1146 2196 et
1171 2133 1247 2197 felix

84 2217 307 2282 existimabatur
337 2224 423 2300 utque
448 2215 522 2277 haec
548 2214 689 2279 sacrain
718 2213 824 2277 animis
851 2215 1015 2280 excitandis
1036 2218 1245 2282 versabantur:

85 2302 197 2387 reliqua
224 2301 302 2364 enim
323 2321 409 2363 sacra
438 2299 546 2363 feralia
565 2319 671 2362 versus
692 2299 871 2362 occidentem
898 2299 990 2365 solem
1012 2301 1138 2384 fiebant,
1170 2303 1245 2387 quod

84 2385 288 2474 cognoscimus
310 2386 355 2448 ex'
371 2382 504 2448 Clidemo
531 2405 577 2471 ap.
599 2383 709 2446 Athen.
731 2382 784 2446 lx.
804 2405 833 2492 p.
855 2381 920 2447 tto
940 2382 986 2449 A:
1017 2387 1193 2468 Κλείδημος
1207 2389 1247 2452 ’ἓν

86 2477 127 2555 τῷ
149 2468 381 2554 ἐπιγραφομένῳ
402 2468 614 2550 ’supputatos
630 2470 758 2548 προθεὶς
776 2490 835 2550 γαρ
858 2471 925 2553 περί
946 2470 1116 2553 ἐναγισμῶν
1135 2468 1246 2558 γράφει

87 2554 195 2629 obruo·
220 2553 349 2638 Ὄρυξαι
369 2549 507 2632 βόθυνον
528 2550 604 2634 πρὸς
629 2550 760 2632 ἑσπέραν
781 2559 835 2615 τοῦ
858 2549 1010 2634 σήματος·
1040 2553 1247 2638 ἴπειταπαριλ

86 2639 138 2705 τὸν
156 2635 296 2718 βόθυνον
317 2637 393 2720 πρὸς
415 2634 546 2718 ἑσπέραν
566 2635 673 2717 βλέπε,
695 2635 779 2721 ὕδωρ
801 2636 943 2720 κατάχεε,
971 2639 1065 2722 λέγων
1085 2636 1158 2704 τάδε
1178 2647 1243 2704 κτλ.

86 2721 194 2789 Scillae
205 2731 299 2787 autem
311 2743 421 2808 magna
432 2730 497 2785 erat
513 2721 557 2784 vis
573 2722 604 2784 in
617 2721 838 2787 lustrationibus
851 2726 1000 2810 sacrisque
1012 2724 1166 2808 feralibus,
1187 2726 1246 2790 vid.

85 2809 262 2872 Artemidor.
280 2807 335 2871 Ill.
349 2808 407 2887 50,
427 2806 585 2891 eademque
605 2807 662 2870 fnit
677 2807 817 2871 malorum
836 2809 962 2873 omnium
979 2810 1156 2892 remedium,
1177 2812 1247 2874 hinc

84 2893 186 2958 Aristo
208 2893 299 2956 hanes
317 2893 347 2956 in
364 2890 549 2954 Danaidibus
562 2891 615 2954 Fr.
632 2890 662 2955 X
679 2892 791 2956 scillam
807 2893 1001 2958 iubetdefodi
1020 2897 1050 2958 in
1066 2894 1182 2960 limine:
1225 2962 1228 2966 ,

166 2915 256 3059 liobe
276 2977 329 3040 τὸν
349 2975 485 3060 στροφέα
507 2981 561 3058 τῆς
573 2974 703 3050 αὐλαίας
719 2979 824 3058 σχίνου
844 2977 980 3060 κεφαλὴν
1000 2978 1223 3062 κατορύττειν..

83 3081 150 3127 nam
171 3063 275 3142 σχίνου
298 3069 328 3125 et
348 3061 417 3125 olim
440 3081 497 3146 ego
519 3060 631 3125 conieci
652 3068 682 3126 et
701 3062 853 3149 proposuit
875 3060 1064 3145 Meinekius,
1086 3086 1145 3128 non
1166 3072 1247 3129 recte

83 3146 256 3211 Diudorfius
284 3145 416 3209 defendit
442 3146 556 3226 ἐχίνου,
587 3146 669 3210 nullo
690 3147 768 3209 enim
790 3154 964 3233 argumento
990 3149 1109 3236 probari
1140 3155 1247 3236 potest,

83 3231 206 3296 mediam
233 3231 318 3294 huius
340 3231 421 3294 vocis
448 3230 595 3315 syllabam
616 3231 692 3295 corni
714 3232 725 3294 i
770 3251 853 3295 osso:
882 3229 960 3294 nihil
981 3245 1052 3295 vero
1074 3236 1188 3298 confert
1209 3233 1264 3298 ad·

83 3316 215 3403 vulgaris
253 3316 415 3402 scripturae
449 3316 603 3379 veritatem
637 3252 816 3402 probandam
850 3315 1095 3402 Harpocrationis
1127 3318 1246 3405 glossa:

79 3396 208 3480 Ἔχΐνος·
231 3397 293 3463 ἴστι
314 3399 370 3478 μέν
391 3396 482 3481 ι’έγγος
502 3424 532 3463 τι
554 3402 596 3475 εἷς
616 3397 633 3460 t
653 3399 691 3462 τὰ
712 3409 905 3481 γραμματεῖα
927 3399 965 3464 τὰ
987 3400 1063 3484 πρὸς
1083 3400 1140 3477 τὰς
1161 3405 1248 3476 δίκας

81 3485 233 3548 ἐτίθεντο·
254 3483 471 3564 Δημοσθένης.
484 3485 516 3548 έν
536 3489 579 3569 τῷ
593 3482 668 3564 πρὸς
681 3481 838 3564 Τιμόθεον
858 3484 1038 3566 μνημονεύει
1060 3492 1115 3550 τοῦ
1136 3485 1248 3570 ἅγγους

81 3566 192 3633 τούτου
217 3571 267 3631 καὶ
281 3567 492 3650 Ἀριστοτέλης
513 3570 545 3632 ἐν
564 3574 602 3652 τῇ
614 3567 788 3650 Ἀθηναίιυν
805 3572 941 3656 πολιτείᾳ
958 3573 1008 3633 καί
1023 3570 1248 3658 Ἀριστοφάνης

82 3653 243 3718 Δαναΐσιν.
286 3652 394 3726 Quidni
417 3653 494 3716 enim
515 3654 644 3742 potuerit
664 3655 790 3718 comicus
811 3661 898 3742 poeta
919 3657 949 3718 in
972 3655 1073 3720 eadem
1096 3657 1198 3722 fabula
1218 3664 1249 3723 et

81 3739 193 3803 scillam
215 3745 245 3801 et
265 3737 412 3801 vasculum
441 3736 513 3802 illud
535 3743 780 3802 commemoraret
824 3737 864 3802 Et
884 3738 1076 3823 Dindorlius,
1099 3749 1130 3806 ut
1150 3744 1248 3829 aliqua

81 3832 159 3888 certe
180 3823 444 3887 uerisimilitudinis
466 3823 563 3910 specie
585 3823 661 3885 hanc
682 3821 927 3910 Harpocrationis
948 3826 1079 3912 glossam
1100 3827 1138 3893 ad
1159 3828 1246 3894 istum

80 3926 197 3972 versum
208 3908 345 3987 referret,
362 3916 515 3994 praeterea
536 3907 617 3970 illum
629 3907 723 3970 locum
740 3909 781 3972 ita
793 3909 1026 3998 interpolandum
1039 3932 1107 3977 esse
1116 3914 1246 3978 censuit:

75 3987 285 4074 Ἀριστοτέλης
307 3993 338 4054 έν
359 3997 397 4075 τῇ
408 3990 580 4072 Ἀθηναίων
597 3993 732 4080 πολιτεία
753 3995 802 4056 καὶ
812 3992 1035 4078 Ἀριστοφάνης
1054 3997 1247 4084 ένΣφηξίν

69 4074 159 4141 ·’έστι
187 4076 230 4139 δέ
256 4100 291 4137 τι
319 4078 379 4138 καὶ
408 4078 502 4153 ζῶον
532 4085 715 4160 χερσαῖον
740 4079 802 4140 καλ
830 4078 1044 4144 θαλάττιον
1070 4079 1244 4165 ὄστρεον,

82 4157 419 4245 ιλςἈριστοφιίνης
439 4163 638 4226 Δαναίσιν.
682 4162 758 4247 quod
786 4163 867 4229 nullo
914 4172 978 4230 acto
1004 4167 1123 4255 probari
1150 4162 1247 4256 potest

82 4244 140 4312 lam
173 4246 250 4310 idem
270 4245 348 4324 ‚fere
375 4245 566 4333 Pythagoras
597 4247 740 4336 praecipit
770 4249 847 4336 apud
913 4250 1004 4315 iuium
1036 4250 1103 4316 XX.
1130 4255 1166 4334 9,
1188 4255 1245 4319 39:
