2768 4770
62 292 67 405 t

62 420 67 451 l

348 185 408 253 DE
428 188 572 270 RELIQ.
593 191 782 262 conoul).
803 197 908 267 ATT.
930 199 1075 275 ANTIQ-
1253 211 1297 276 39

205 352 275 419 Σδν
295 351 450 436 Δηλιάσεν
470 381 502 422 τε
524 355 651 448 κούραις

200 435 395 522 Ἀρτέμιδός
414 465 447 506 τε
468 446 546 521 θεᾶς

203 524 356 612 Χροσίαν
376 523 503 607 δίμπυκα
528 524 603 607 τόξα
624 527 650 594 τ’
674 527 844 616 εὐλογήσω·

114 607 247 676 Hecuba
266 617 364 675 autem
385 632 442 696 quo
470 613 535 678 fere
555 621 686 704 tempore
706 615 792 683 docta
820 619 874 699 sit,
911 620 970 685 alio
993 621 1057 686 loco
1078 623 1224 711 probabili
1245 649 1292 693 ar·

190 702 261 761 ento
288 696 468 761 ostendetur.
516 696 714 765 Callimachus
741 702 774 767 in
805 702 928 788 Hymuo
959 706 992 768 in
1017 705 1128 774 Delum
1161 730 1190 775 r.
1217 711 1291 778 296.

165 780 264 846 liadas
285 801 389 846 omnes
410 782 545 873 virgines
565 784 645 849 illius
667 785 784 851 insulae
805 787 977 936 appellavit:

62 902 67 959 q
195 861 289 931 Ἤτοι
310 861 465 947 Δηλιάδες
484 867 555 949 μίν,
588 866 634 933 ὅτ’
658 866 769 952 εὗὴχης
788 867 830 951 tp
848 896 934 949 ααιος

65 998 68 1005 .
194 946 302 1015 Ἢθεα
322 947 465 1034 κουράων
483 950 709 1040 μορμύσσεεοι,
736 954 827 1039 ἥλικα
844 957 969 1042 χαίτηνΙ

201 1037 401 1121 Παρθενεκαὶ
422 1040 487 1101 κτλ.

112 1119 179 1185 Iam
205 1141 279 1186 uero
307 1118 449 1187 Cratinus
476 1143 545 1186 num
571 1123 629 1188 hoc
648 1122 768 1189 nomine
790 1145 826 1226 ap
847 1124 984 1189 ellaverit
1003 1125 1085 1213 ipsas
1105 1124 1173 1191 illas
1195 1129 1289 1230 virgi·

112 1226 171 1269 mes
192 1203 380 1287 sacerdotes,
402 1205 519 1272 dubito:
562 1207 634 1273 mihi
654 1209 769 1293 quidem
790 1145 907 1275 valetur
927 1211 969 1274 ita
990 1212 1208 1298 nuncupavisse
1228 1235 1289 1278 νιε-

113 1290 220 1376 Qum
241 1289 373 1372 chorum,
413 1291 443 1354 ui
463 1291 500 1355 ab
521 1290 756 1358 Atheniensibus
776 1295 809 1357 in
829 1295 956 1361 insulam
977 1294 1087 1360 Delum
1108 1296 1278 1363 mittebatur

113 1382 145 1439 et
172 1374 231 1439 hnc
257 1375 356 1441 refero
382 1311 455 1441 illud
471 1376 551 1462 qood
572 1384 620 1441 θεῖ
642 1378 718 1466 apud
741 1377 967 1447 Grammaticum
987 1378 1127 1447 Bekkeri
1148 1381 1190 1449 T.
1210 1382 1236 1449 1.
1257 1347 1288 1474 pf

113 1460 190 1541 129,
212 1460 248 1527 9:
297 1460 408 1525 Λείαει
436 1460 470 1525 δὲ
490 1463 539 1524 καὶ
562 1462 594 1525 lu
614 1457 836 1542 ὕσοτακεικοΐς*

132 1630 166 1692 αὶ
200 1544 246 1609 Εἴ
260 1569 307 1625 τις
327 1543 359 1609 δ’
381 1541 469 1627 ὑμῶν
489 1542 590 1611 κάλλει
613 1553 778 1636 προκριθῇ.

112 1653 131 1693 κ

199 1714 284 1797 Πρὶν
305 1718 449 1796 παροῦσα
470 1711 610 1798 διδάσκω.

109 1799 271 1881 Κρατῖνος
291 1794 452 1881 Δηλιάσω.
496 1781 587 1864 Certe
614 1800 687 1864 haec
708 1799 746 1864 ad
765 1797 967 1864 Athenienses
989 1802 1103 1901 puellas
1124 1802 1285 1868 referenda

108 1889 202 1948 sunt:
250 1904 309 1946 non
336 1891 433 1948 umen
464 1905 613 1971 repugno,
652 1885 680 1948 si
711 1884 775 1968 quis
801 1881 945 1949 Deliades
973 1886 1108 1972 virgines
1140 1885 1283 1953 Deliacos

111 1967 246 2056 explicet
265 1988 304 2033 ex
322 1968 541 2033 consuetudine.

200 2050 242 2117 Et
261 2052 297 2118 ad
317 2074 431 2118 sacram
445 2055 526 2118 illam
547 2074 680 2153 pompam
699 2050 838 2138 pleraque
858 2049 1044 2138 fragmenta,
1066 2073 1141 2137 quae
1163 2062 1284 2119 seruata

109 2143 200 2218 suut,
220 2137 378 2238 portinent,
398 2139 442 2202 ita
461 2145 494 2202 ut
513 2138 582 2223 quud
602 2138 783 2226 potissimum
805 2137 982 2224 spectaverit
1002 2144 1100 2226 poeta,
1123 2136 1283 2204 difficulter

130 2221 207 2287 ussit
226 2222 379 2310 mdagari:
411 2223 540 2287 arbitror
560 2230 656 2287 autem
675 2222 803 2286 maxime
824 2227 1014 2306 conquestum
1035 2243 1103 2286 esse
1126 2220 1282 2289 Cratinum

106 2243 147 2372 δε
168 2306 307 2394 neglecta
327 2308 490 2394 religione,
512 2329 596 2392 quam
618 2329 637 2370 a
655 2306 815 2371 maioribus
837 2307 1018 2394 acceperint,
1041 2315 1071 2372 et
1092 2307 1128 2372 de
1149 2307 1281 2390 levitate,

106 2413 168 2477 qua
193 2392 227 2457 iu
252 2393 442 2457 restituendis
470 2391 641 2456 ceremoniis
668 2391 829 2476 ritibusque
858 2391 905 2455 usi
931 2391 1057 2455 fuerint:
1101 2393 1174 2456 satis
1202 2394 1281 2459 enim

146 2477 263 2565 repexit
292 2485 381 2566 poeta
407 2485 560 2543 externam
592 2475 706 2559 quidem
733 2475 857 2540 formam
884 2481 914 2538 et
935 2477 1019 2560 quasi
1040 2477 1166 2564 speciem
1188 2499 1281 2562 quau-

105 2497 178 2627 «,le
203 2562 361 2649 religionis
388 2562 539 2640 revocari,
578 2560 669 2648 ipsam
701 2580 773 2624 vero
800 2560 936 2649 pietatem
963 2560 1194 2662 probitatemque
1219 2563 1279 2626 iam

107 2644 218 2711 dudum
244 2658 284 2711 ex
309 2648 458 2713 hominum
484 2644 588 2709 animis
616 2645 793 2711 excessisse.
840 2642 990 2733 Apollims
1012 2653 1108 2709 autem
1130 2666 1279 2710 nomena

105 2728 269 2796 maioribus
297 2738 362 2797 erat
387 2731 571 2796 sanctissime
598 2729 721 2811 cultum,
754 2729 881 2794 maxime
908 2729 1094 2795 amabilibus
1115 2729 1182 2794 istis
1227 2753 1279 2796 en·

106 2815 199 2897 tibus,
221 2837 295 2902 quae
321 2837 360 2881 cx
375 2816 461 2880 lenia
481 2816 629 2904 profectae
650 2814 683 2877 in
703 2814 804 2878 Attica
825 2813 912 2878 sedes
935 2821 964 2878 et
985 2814 1132 2881 domicilia
1152 2836 1187 2880 co
1211 2836 1277 2879 oca·

105 2909 229 2964 verant:
250 2901 320 2965 hinc
329 2897 484 2965 Ἀπόλλων
495 2904 637 2984 πατρῷος
648 2905 707 2962 tam
720 2899 769 2962 diu
782 2920 836 2963 suo
851 2920 922 2962 usus
934 2905 980 2963 θεῖ
994 2899 1116 2980 honore,
1129 2900 1277 2984 quamdiu

106 2985 294 3072 optimateset
313 2986 484 3050 auctoritate
505 2993 561 3049 eto
581 2985 648 3047 ibus
668 2984 829 3072 principem
849 2983 882 3046 in
903 3005 937 3047 re
958 2983 1075 3072 publica
1087 2984 1278 3048 obtinuerunt

105 3068 221 3135 locum
264 3072 316 3135 sed
343 3078 494 3170 postquam
520 3007 680 3134 nolilitatis
711 3067 841 3156 dignitas
863 3074 909 3132 est
929 3067 1092 3148 imminuta,
1114 3075 1144 3132 θῖ
1164 3089 1278 3132 summa

104 3175 209 3219 rerum
229 3177 321 3243 penes
342 3155 533 3220 multitudinis
555 3153 706 3220 arbitrium
729 3161 803 3234 erat,
823 3152 866 3217 ibi
887 3153 974 3216 etiam
995 3151 1145 3241 Apollinis
1167 3152 1276 3239 religio

105 3238 207 3305 iacere
234 3241 337 3328 coepit
385 3240 447 3304 Iam
466 3261 536 3303 vero
553 3260 617 3303 cnm
631 3238 739 3302 bellum
754 3237 1038 3326 Peloponnesiacum
1059 3244 1089 3302 et
1108 3236 1277 3337 pestilentia

104 3324 283 3389 saevissima
303 3326 335 3388 iu
356 3323 457 3389 Attica
478 3330 702 3410 grassarentur,
736 3327 797 3387 tum
822 3322 1001 3423 optimatium
1029 3329 1061 3386 ut
1075 3322 1204 3410 Ιειδθῖιεε
1211 3343 1276 3471 1po·

103 3409 251 3474 tissimum
280 3430 369 3498 opera
396 3410 536 3473 maiorum
561 3408 635 3471 ritus
657 3414 687 3471 et
708 3427 890 3473 ceremomae
912 3412 981 3470 sunt
1001 3414 1170 3473 renovatae.
1244 3430 1276 3472 θ-

104 3492 185 3559 liaca
212 3503 307 3558 autem
332 3494 385 3558 illa
411 3515 497 3558 sacra
522 3492 581 3557 iam
607 3491 765 3576 antiquitus
795 3492 831 3554 ab
853 3490 1086 3556 Atheniensibus
1108 3512 1176 3555 esse
1198 3493 1275 3557 cele·

103 3577 193 3643 brata
223 3578 409 3651 subindicant
436 3577 486 3641 vel
509 3584 628 3642 veteres
655 3577 724 3641 illae
753 3576 789 3640 de
815 3575 938 3640 Theseo
960 3584 990 3638 θῖ
1016 3575 1053 3641 δθ
1074 3574 1208 3641 Abaride
1229 3577 1274 3641 f·

103 3661 208 3744 bulas,
239 3662 411 3727 documento
438 3683 510 3726 vero
538 3669 584 3726 est
609 3660 697 3725 etiam
719 3659 902 3725 sacerdotum
923 3659 1052 3742 familia,
1088 3662 1274 3741 Δηλιασταί,

123 3768 192 3811 uam
222 3749 344 3836 respicit
375 3746 571 3811 Philochorus
606 3747 683 3834 apud
713 3743 812 3810 Schol.
841 3742 979 3831 Sophocl.
1009 3744 1084 3810 (led.
1112 3744 1218 3811 Colon.
1245 3767 1273 3808 v.

123 3829 207 3899 047:
253 3830 350 3897 Ὅταν
372 3832 404 3896 δὲ
425 3841 535 3913 σημεῖα
556 3831 677 3915 γίνηται
698 3830 932 3914 παραδεδομένα
952 3830 984 3893 ἓν
1005 3838 1070 3904 τοῖς
1090 3829 1195 3913 ἱεροῖς,
1221 3826 1274 3894 τό·

101 3940 136 3983 τε
164 3914 385 3982 ἀποστέλλουσι
413 3917 469 3999 τὴν
496 3917 631 4001 θεωρίαν
658 3915 687 3980 οἳ
713 3916 746 3979 ἐκ
776 3919 832 3978 τοῦ
862 3913 981 3998 γένους,
1013 3915 1138 3978 Πυθίεα
1164 3939 1197 3978 τε
1223 3916 1274 3978 καὶ

100 3997 274 4083 Δηλιάδες,
317 3999 448 4087 ὁπότερα
476 3999 512 4065 bo
538 3998 663 4087 καθήκῃ
691 3998 812 4077 αὐτοῖς,
851 3995 922 4063 θδει
950 3999 981 4063 δ’
1007 3993 1166 4080 ὁμοίωσις,
1200 3995 1274 4064 ὅταν

100 4087 160 4169 μὲν
186 4086 227 4152 τὰ
254 4090 296 4165 εἰς
327 4085 473 4172 Δελφοὺς
499 4082 643 4170 πόμπιμοι
666 4085 787 4169 γίνηται
814 4087 866 4148 καὶ
887 4085 1006 4168 θεωρία
1027 4083 1200 4167 πίμπηεαι,
1242 4085 1274 4150 lv

104 4167 202 4258 Οίείρ
224 4171 302 4237 καθ’
327 4169 457 4255 ἑκάστην
478 4167 595 4258 ἡμέραν
622 4173 654 4236 ἐν
673 4176 718 4258 τῷ
739 4170 873 4258 Πυθίῳ·
906 4171 931 4234 εἰ
953 4170 987 4233 δὲ
1007 4171 1049 4243 εἰς
1069 4170 1176 4253 Δῆλον
1196 4166 1275 4233 διπο-

100 4257 261 4327 “abaco
281 4253 302 4341 ἡ
323 4259 452 4344 θεωρία,
472 4259 553 4323 κατὰ
572 4255 615 4324 εδ
634 4255 839 4345 προειρημένα
865 4249 936 4320 θδει
956 4249 974 4319 ὅ
995 4248 1103 4338 μάντις
1123 4257 1165 4331 εἰς
1185 4253 1221 4319 τὸ
1242 4255 1274 4318 in
