2768 4770
268 227 328 296 uu
348 225 491 304 numo.
510 222 700 296 cumcun
722 221 828 296 aru.
847 197 993 307 rhun,
1147 228 1213 298 ses

68 397 210 465 stimonio
236 394 420 464 Scholiastae
447 393 601 484 Aristupln
627 391 707 458 llan.
732 413 762 458 v.
784 393 839 461 ta:
882 397 1086 485 Κωμῳδεΐται
1118 395 1152 462 δὲ
1179 389 1211 483 (ὃ

66 484 212 571 Φρύνιχος)
235 479 277 557 ὡς
298 482 380 556 ξένος
400 481 451 545 καὶ
473 480 521 545 ou
533 476 703 566 φαυλότητι
725 475 913 561 ποιημάτων,
935 479 1044 558 καλῶς
1065 478 1212 568 ἀλλότρια

67 571 136 655 &mr
158 570 208 631 καὶ
230 564 273 642 ὡς
293 565 477 648 κακόμετρα.
509 563 621 634 Verum
642 562 765 652 Eupolis
786 565 1018 654 Aristophanem
1038 567 1135 656 potius
1155 569 1212 632 hoc

67 677 132 720 rrsu
159 651 276 716 videtur
300 651 468 730 nutavisse,
500 671 584 735 quem
610 649 643 712 iu
665 649 890 798 peregrinitatis
919 652 1029 716 crimen
1059 652 1213 719 adductum

67 761 110 805 rse
137 745 275 802 constans
306 735 485 819 antiquitatis
512 735 592 798 lama
618 739 665 796 tra
684 732 753 814 idit,
797 734 833 798 de
855 741 912 819 qua
931 758 966 800 re
994 736 1069 800 dixit
1094 738 1212 825 copiose

67 823 237 889 uicissimus
257 820 397 885 Rankius
418 818 533 905 Proleg
556 864 564 882 .
585 839 615 906 p.
638 815 717 884 ccl.
739 838 820 916 seqq.
842 818 1010 906 diceturque
1038 844 1057 885 a
1077 843 1124 885 me
1152 822 1210 887 alio

67 929 116 974 cu.
159 906 243 980 Quod
271 905 382 969 crimen
408 905 473 968 sive
500 904 515 967 f
559 901 668 967 osive
696 923 767 966 vere
796 903 852 966 tuit
874 904 1074 992 divulgatum,
1101 907 1210 972 condco

67 999 121 1058 crte
141 1002 245 1080 poetae
272 989 355 1053 licuit
383 988 439 1052 hoc
466 987 587 1052 crimine
609 994 712 1052 contra
737 986 938 1054 adversarium
961 991 1011 1054 uti.
1054 989 1110 1054 lllo
1131 991 1211 1057 enim

69 1097 171 1166 mpure
197 1074 326 1139 Athenis
354 1094 419 1136 cum
447 1073 504 1137 duo
532 1072 633 1136 comici
654 1070 779 1172 Eupolis
801 1081 830 1136 ct
850 1072 1066 1161 Aristophanes
1093 1083 1212 1163 praeter

68 1168 155 1227 steros
183 1169 246 1223 arte
273 1158 451 1245 ingenioque
473 1156 653 1237 eminerent,
679 1156 712 1220 hr
738 1162 852 1221 ceteros
874 1159 989 1242 quidem
1016 1158 1106 1246 longe
1130 1161 1212 1225 infra

68 1245 206 1335 epositos
228 1265 295 1307 esse
317 1243 560 1306 existimaverunt
580 1262 675 1326 neque
697 1241 845 1306 lacessere
866 1244 977 1307 iniuria
995 1243 1109 1331 dignati
1131 1251 1210 1327 sunt,

68 1330 95 1396 d
115 1330 173 1419 ipsi
195 1330 272 1393 inter
293 1349 326 1391 se
348 1348 458 1391 summo
480 1326 577 1391 studio
598 1333 857 1408 concertaverunt,
887 1335 952 1392 uter
974 1336 1068 1392 uhum
1088 1349 1211 1418 supera·

68 1420 100 1479 rt:
132 1413 221 1478 facile
247 1412 324 1476 enim
346 1410 507 1475 studiorum
535 1410 691 1474 aemulatio
711 1410 789 1499 parit
809 1411 920 1476 odium:
946 1413 1117 1498 videturque
1138 1415 1211 1478 Ari-

68 1498 199 1589 uphaues
220 1517 281 1560 non
302 1496 394 1561 semel
415 1494 553 1596 Eupolidi
574 1495 724 1583 praelatus
746 1516 825 1577 esse,
846 1497 931 1579 sicut,
954 1519 1019 1562 cum
1031 1496 1209 1588 Aristopha-

69 1605 94 1648 *s
121 1582 365 1647 Acharnensihus
397 1580 490 1645 doctus
521 1585 703 1666 reportasset
729 1580 898 1662 victoriam,
934 1579 1059 1671 Eupolis
1092 1585 1211 1650 tectim

71 1668 107 1733 lit
126 1667 300 1756 praemium:
322 1667 364 1729 ita
384 1673 418 1727 ut
437 1663 516 1729 haud
535 1663 646 1728 iniuria
665 1667 793 1751 potuerit
809 1666 959 1749 conqueri,
980 1667 1055 1752 quod
1076 1669 1212 1756 peregri-

69 1774 96 1818 m
116 1752 175 1817 iste
195 1758 281 1853 poeta
302 1750 360 1814 sihi
382 1768 524 1835 germano
533 1747 713 1813 Atheniensi
733 1747 860 1812 iudicum
871 1749 994 1832 malitia,
1015 1759 1212 1839 spectatorum

69 1837 160 1903 scitia
189 1838 279 1902 tuerit
301 1833 492 1933 antepositus.
533 1832 637 1917 Neque
657 1852 729 1895 vero
755 1830 829 1896 illud
850 1834 955 1897 mirum
982 1842 1029 1899 est
1059 1844 1110 1901 aut
1129 1837 1212 1903 insu·

69 1944 124 2003 ns,
153 1920 243 2007 quod
269 1918 393 2006 Eupolis
419 1917 451 1981 iu
485 1915 573 1981 alium
601 1916 745 2001 quendam
773 1923 890 2017 poetam
925 1917 1004 1982 iuter
1030 1922 1210 2020 spectatores

69 2006 191 2071 rdeutem
217 2007 367 2084 invectus,
393 2001 476 2066 illum
502 2002 596 2088 digitu
624 2010 783 2067 monstrari
807 2001 878 2066 lecit
904 2003 941 2067 ah
968 2002 1128 2071 histrione:
1157 2007 1210 2090 ita,

69 2112 74 2154 :
94 2111 153 2154 uno
174 2088 309 2177 exemplo
330 2096 406 2167 utar,
427 2086 644 2175 Aristophanes
664 2086 698 2150 in
717 2085 814 2150 Ranis
835 2108 863 2152 v.
883 2087 948 2153 308
968 2087 1059 2154 dixit:

120 2169 188 2239 ‘ool
209 2174 243 2237 di
264 2173 365 2248 δείσας
385 2169 627 2256 ὑπερεπυρρίασέ
643 2195 715 2251 μου.

70 2259 168 2325 alliam
190 2259 241 2323 ille
258 2257 384 2343 quidem,
405 2256 517 2321 Bacchi
537 2256 719 2321 sacerdotem
739 2255 858 2338 ridens,
881 2256 930 2341 qui
950 2257 1079 2326 fumasse
1100 2265 1211 2327 certam

70 2344 186 2410 rendam
208 2365 242 2407 ac
264 2342 442 2431 peculiarem
462 2342 494 2404 in
515 2341 629 2405 theatro
651 2340 752 2405 sedern
773 2343 940 2429 occupabat.

126 2427 210 2503 Quod
244 2448 283 2491 cx
308 2425 454 2513 Eupolide
488 2424 578 2489 affert
603 2423 794 2510 Phrynichus
827 2427 859 2489 in
884 2425 1022 2492 Bekkeri
1046 2427 1210 2495 Anecdotis

73 2561 82 2580 .
103 2512 130 2578 Ι.
151 2535 180 2602 p.
200 2512 239 2593 5,
262 2511 320 2576 13:
349 2509 506 2574 Ἀπιστίαν
525 2508 646 2590 βλέπει·
667 2506 818 2586 Εὔπολις·
847 2511 986 2592 σημαίνει
1007 2510 1061 2576 τὸν
1081 2510 1211 2579 ἄπιστό-

70 2621 152 2674 ιτον,
183 2597 215 2662 id
241 2602 273 2660 ut
300 2615 357 2682 ego
385 2594 508 2659 coniicio
535 2592 617 2658 lacili
647 2593 768 2680 negotio
795 2593 1002 2682 redintegrare
1027 2597 1112 2662 licet:
1142 2620 1211 2666 nam

71 2704 115 2749 tae
144 2681 245 2747 cadem
276 2681 387 2769 pagina
412 2678 499 2767 paulo
520 2679 655 2767 superius
681 2686 786 2767 poetae
806 2679 924 2744 nomine
945 2701 1007 2745 non
1028 2681 1141 2747 adiecto
1167 2683 1212 2749 le·

71 2773 166 2837 luitur:
192 2763 374 2848 ’Ἀνθρωπος
395 2759 553 2848 ἀποφράς·
584 2759 763 2849 αἰπαφρσλδες
783 2761 894 2847 ἡμέραι
901 2810 910 2840 ,
932 2763 1010 2829 καθ’
1035 2763 1073 2842 ἃς
1093 2765 1212 2850 ἀπηγο-

71 2847 152 2916 sieri.
170 2873 199 2914 τι
226 2847 381 2934 πράττειν,
418 2849 558 2931 σημαίνει
588 2840 643 2914 οὖν
667 2847 721 2914 τὸν
748 2843 812 2912 οἷον
842 2848 985 2916 ἀπαίσιον
1011 2852 1063 2917 καί
1089 2849 1211 2938 ἔξεδρον

71 2938 94 3002 ιλ
115 2930 268 3021 έποίρατον
289 2932 470 3020 ίινθροιπον·

486 3015 653 3099 Σονέτυχεν
673 3011 781 3095 ἐξιόντι
802 3043 857 3100 μοι

119 3100 302 3184 ’Ἀνθρωπος
322 3099 468 3189 ἀποφρὰς
493 3105 544 3167 κοιλ
569 3103 691 3183 βλέπων
717 3101 870 3168 ἀπιστίαν.

72 3215 78 3254 ι
105 3189 223 3274 iuquam
245 3211 284 3253 ex
305 3190 413 3254 comico
435 3187 532 3273 aliquo
554 3188 591 3252 de
609 3196 704 3252 ronta
725 3209 792 3253 esse
818 3193 955 3278 aparct,
985 3209 1080 3275 neque
1101 3189 1213 3276 dubito,

71 3275 113 3339 rin
140 3274 178 3339 ad
206 3272 335 3363 Eupolin
366 3273 427 3338 sint
456 3210 625 3337 referentia.
667 3271 757 3338 Licet
787 3210 889 3338 eoliirm
923 3279 1008 3361 pacto
1038 3275 1127 3341 etiam
1153 3276 1213 3343 ulia
1296 3336 1299 3341 .

72 3364 193 3423 marum
218 3358 387 3446 fragmenta
413 3379 447 3421 su
468 3357 559 3445 plere.
601 3357 648 3422 lta
678 3356 789 3445 legitur
819 3357 894 3445 apud
923 3357 1154 3426 Antiatticistam
1179 3360 1214 3427 in

72 3443 179 3511 ekkeri
199 3441 361 3508 Anecdotis
383 3441 424 3507 Τ.
445 3379 471 3508 i.
491 3463 520 3530 p.
542 3441 615 3524 107,
638 3441 673 3507 λι
701 3436 866 3527 Λογοίρια·
892 3437 1148 3528 ὑποκοριστικῶς·

127 3523 275 3612 Λογοίριοί
288 3552 343 3609 μοι
364 3526 450 3609 λέγει.

72 3611 172 3676 ἀίδιον
192 3608 345 3698 Ζωπίρῳ.
365 3610 436 3676 Non
455 3616 524 3699 puto
546 3610 620 3675 haec
640 3609 733 3674 verba
753 3631 792 3674 ex
807 3609 978 3676 Phuedonis
988 3609 1112 3713 Zopyro
1133 3635 1214 3699 csse,

73 3697 96 3762 d
117 3698 225 3761 comico
246 3705 350 3785 poetae
372 3696 484 3777 tribuo,
505 3715 589 3780 quern
610 3695 842 3842 Aristqphanem
862 3696 957 3761 fuisse
979 3717 1122 3786 suspucor.
1143 3697 1228 3766 Sui-¹

73 3803 96 3846 ts
118 3782 196 3846 eninr
218 3782 304 3846 dicit:
334 3777 498 3864 Λογίρια·
521 3780 550 3843 οἱ
570 3775 668 3864 λόγοι·
691 3778 704 3837 ,’
728 3775 925 3867 ριστοφιίνης.
967 3779 1014 3846 lta
1040 3782 1135 3872 igitur
1160 3782 1214 3851 ille

73 3866 251 3973 rpmmaticus
278 3866 434 3954 scripsisse
454 3865 580 3931 videtur.
611 3860 775 3952 Λογοῖρια·
795 3863 1051 3953 ὑποκοριστικῶς
1070 3865 1213 3956 Ἀριστο·

73 3977 90 4015 α
150 3971 158 3989 ⁶
682 3996 685 4003 r

90 3977 144 4035 mg
450 4029 597 4119 Λογοίριαί
616 4059 671 4114 μοι
695 4031 783 4117 λέγει.

73 4119 174 4184 ἀίδιον
195 4115 348 4207 Ζωπύρῳ.
390 4118 504 4185 Similis
526 4139 611 4184 error
636 4119 671 4185 iu
698 4118 803 4187 eodem
822 4117 1027 4187 Andetdcida
1051 4120 1158 4191 assidit
1182 4144 1213 4214 p.

73 4206 96 4290 i,
117 4203 154 4270 4:
180 4202 373 4291 Ἀγκσρίσαι·
396 4206 445 4270 tut
465 4208 521 4272 τοῦ
542 4205 772 4286 παλαίοματος·

124 4287 304 4376 Ἀγκορίσας
324 4286 456 4376 ίρῥηξιν.
505 4335 508 4339 -
