2760 4792
147 247 190 312 36
369 298 372 303 .
525 234 944 310 COMMENTATIONES

146 437 203 477 σου
228 410 285 488 τάς
311 410 411 488 αίτίας
434 413 491 491 τῆς
516 411 682 493 συμφορᾶς
708 408 756 472 ἐπὶ
777 407 814 473 τὸ
840 413 928 474 θεῖον
948 407 1136 491 ἀπέπεμπον.
1179 409 1241 476 Διδ
1262 413 1315 476 καί

146 491 225 560 κατά
249 522 317 561 τινα
341 493 481 582 χρησμὸν
508 491 667 577 ἐκάθηραν
694 493 750 575 τήν
780 499 873 578 νήσον
894 497 1014 578 Δῆλον,
1041 493 1232 573 Ἀπόλλωνος
1257 496 1316 578 μέν

146 573 242 645 οὖσαν
272 577 367 664 ἱεράν,
402 583 555 644 δοκοῦσαν
582 580 615 642 δὲ
634 577 804 659 μεμιάνθαι
827 577 879 642 διδ
904 579 977 657 τοδς
1003 578 1252 662 τετελευτηκότας
1281 584 1315 647 ἓν

144 666 223 752 αὐτῇ
244 664 416 750 τεθάφθαι,
453 659 703 744 Ἀνασκάιγαντες
723 655 778 727 οὖν
803 659 925 741 ἁπάσας
945 664 1000 740 τὰς
1020 668 1052 729 ἓν
1072 671 1111 750 τῇ
1132 662 1229 752 Δήλῳ
1249 662 1314 748 θή-

144 777 201 827 κας
220 747 402 832 μετήνεγκαν
423 751 464 823 είς
484 749 541 830 τὴν
556 744 692 831 Ῥήνειαν
713 749 903 830 καλουμένην
924 755 1030 832 νήσον,
1062 752 1191 833 πλησίον
1209 748 1314 838 όπάρ-

140 860 258 918 χουσαν
283 841 337 916 τῆς
358 831 476 918 Δήλου·
499 833 609 909 ἔταξαν
639 833 743 897 δὲκαὶ
764 829 857 912 νόμον
877 831 953 917 μήτε
974 837 1082 899 τίκτειν
1102 837 1135 899 dv
1155 841 1193 922 τῇ
1214 833 1313 924 Δήλῳ

142 917 218 1002 μήτε
239 916 378 983 θάπτειν.
417 918 584 1001 Ἐποίησαν
605 917 709 981 δὲκαὶ
731 913 898 1001 πανήγυριν
923 919 979 1000 τήν
998 926 1059 983 τῶν
1085 920 1225 1002 Δηλίων,
1261 944 1313 1005 γε·

141 1003 304 1088 γενημόνην
334 1006 390 1086 μὲν
419 1001 581 1088 πρότερον,
614 1004 817 1066 διαλιποῦσαν
849 1003 882 1066 δὲ
908 1002 1004 1068 πολδν
1021 1000 1143 1089 χρόνον.
1167 1004 1312 1072 Facem

141 1090 172 1153 id
200 1112 269 1154 esse
295 1089 480 1174 Euthydemc
503 1094 638 1176 praetere
666 1087 817 1194 significat
842 1089 930 1153 etiam
950 1087 1065 1154 Auctor
1084 1090 1164 1154 vitae
1185 1090 1312 1177 Thucy-

142 1175 218 1238 didis
245 1196 273 1263 p.
299 1173 432 1242 XXVII:
486 1169 580 1235 Mero
612 1170 646 1234 δὲ
676 1195 732 1252 την
763 1171 900 1257 ἱστορίαν
928 1177 1005 1257 φασί
1034 1170 1238 1256 συντετάχθαι
1265 1180 1311 1264 τῷ

141 1267 313 1344 συγγραφεῖ
335 1257 370 1321 τὸ
398 1257 572 1338 προοίμιον,
608 1256 641 1319 ἐν
662 1245 688 1341 ᾧ
709 1260 770 1319 τῶν
791 1258 823 1320 ἒν
842 1261 887 1344 τῷ
908 1258 1032 1344 πολέμῳ
1051 1260 1203 1342 μέμνηται
1223 1282 1312 1344 γεγο-

141 1339 253 1420 νότων,
275 1341 375 1426 ῶσπερ
398 1348 452 1422 τῆς
473 1337 582 1422 Δήλου
604 1335 787 1424 καθάρσεως
808 1341 881 1424 (vid.
901 1341 926 1406 Ι.
947 1343 993 1426 8.)
1014 1341 1052 1425 ἣν
1073 1347 1140 1428 περὶ
1161 1343 1196 1408 τό
1218 1347 1312 1425 ἕβδο-

139 1453 199 1509 μον
219 1426 287 1503 ἴτυς
308 1429 355 1490 ε’πὶ
377 1422 522 1488 Εὐθύνου
550 1424 749 1508 (scribendum
769 1424 1017 1508 Εὐθυδήμου)
1043 1429 1227 1511 γεγενῆσθαί
1244 1453 1312 1516 φα·

140 1536 198 1576 σιν.
240 1511 267 1574 F
270 1517 364 1576 actum
384 1510 478 1598 igitur
500 1517 547 1573 est
567 1509 654 1595 Olym
677 1508 906 1578 ‚LXXXVIIL
927 1514 972 1576 3.:
1015 1510 1124 1576 Hieme
1145 1520 1241 1577 autem
1263 1515 1311 1579 lu·

139 1600 261 1661 stratam
287 1617 355 1659 esse
381 1594 508 1658 insulam
536 1594 606 1657 dicit
686 1593 829 1679 ucydides
854 1593 1008 1661 111.104:
1064 1601 1132 1660 Τοῦ
1153 1596 1185 1660 δ’
1209 1595 1310 1665 αὐτοῦ

136 1686 284 1763 χειμῶνος
310 1683 359 1743 καί
388 1684 494 1760 Δῆλον
521 1675 678 1762 ἐκάθηραν
700 1677 860 1761 Ἀθηναῖοι
886 1679 966 1743 κατὰ
991 1679 1131 1765 χρησμὸν
1157 1677 1195 1764 δή
1222 1707 1310 1751 aava:

138 1766 236 1850 ibique
263 1771 397 1829 accurate
419 1764 556 1852 exponit,
594 1762 797 1827 Athenienses
825 1764 883 1828 iam
916 1772 1003 1829 antea
1028 1764 1186 1831 Pisistrato
1214 1767 1309 1835 domi·
1344 1844 1347 1849 ¹

136 1858 228 1915 nante
253 1850 380 1914 insulam
407 1871 446 1914 ex
467 1858 550 1937 parte
571 1846 755 1912 lustravisse.
797 1848 876 1913 Delo
904 1857 999 1914 autem
1025 1858 1153 1998 Eurgata
1177 1853 1309 1919 restituti

138 1937 226 2000 etiam
247 1944 316 1999 sunt
337 1935 400 1998 dies
421 1934 508 2015 festi,
542 1933 590 2016 qui
617 1940 719 2016 quarto
741 1953 854 2018 quoque
876 1956 954 1998 anne
975 1935 1007 1997 in
1049 1956 1169 2000 onorem
1189 1935 1220 2000 A
1240 1938 1308 2003 olli-

136 2021 185 2084 nis
212 2020 352 2084 celebrati
379 2027 479 2082 erant:
522 2019 587 2079 Kal
619 2017 676 2098 τὴν
708 2018 926 2102 πεντητηρίδα,
965 2020 1060 2103 inquit
1099 1959 1307 2107 Thucyddes,

136 2101 204 2169 τότε
225 2110 347 2187 πρῶτον
366 2103 443 2182 μετὰ
463 2099 520 2182 τήν
540 2096 695 2184 κάθαρσιν
716 2102 862 2181 ἐποίησαν
883 2102 912 2165 οἳ
927 2100 1101 2184 Ἀθηναῖοι,
1129 2105 1169 2168 τά
1188 2104 1307 2189 Δήλια.

135 2187 255 2254 Musica
276 2195 373 2252 autem
394 2185 569 2264 certamina,
591 2204 665 2268 qnae
687 2185 846 2270 antiquitus
869 2193 954 2250 erant
973 2188 1122 2270 instituta,
1140 2199 1211 2339 ροεῐ
1230 2199 1305 2265 tem·

135 2276 217 2374 poris
238 2271 427 2336 diuturnitate
449 2270 628 2350 intermissa,
649 2270 813 2333 instaurata
832 2277 914 2334 sunt:
936 2273 1025 2337 testis
1041 2280 1087 2338 est
1108 2273 1139 2338 T
1162 2276 1307 2362 ucydidca

134 2357 221 2422 ibid:
257 2353 404 2437 Ὕστερον
432 2354 465 2417 δὲ
491 2352 563 2428 τοὺς
583 2355 639 2433 μίν
661 2353 777 2439 χοροδς
803 2355 832 2418 οἱ
858 2359 1002 2437 νησιῶται
1024 2361 1075 2421 καί
1097 2359 1126 2422 οἳ
1141 2359 1306 2444 Ἀθηναῖοι

133 2441 209 2524 μεθ’
234 2441 322 2527 ἱερῶν
347 2439 489 2522 ἔπεμπον·
516 2437 556 2502 τὰ
576 2438 609 2502 δὲ
630 2441 697 2521 περὶ
719 2435 791 2514 vote
812 2438 930 2524 ἀγῶνας
951 2444 1001 2504 καὶ
1022 2442 1209 2510 τὰπλεῖστα
1229 2471 1304 2512 κατ-

134 2522 232 2609 ελόθη
262 2524 324 2591 ὑπὸ
345 2529 526 2612 ξυμφορῶν,
560 2519 602 2598 ῶς
628 2519 721 2600 εἰκός,
747 2526 829 2608 ’πρὶν
855 2526 894 2608 δή
923 2526 952 2590 οἱ
971 2525 1132 2609 Ἀθηναῖοι
1159 2527 1227 2595 τότε
1247 2530 1304 2597 τδν

133 2611 239 2697 ἀγῶνα
258 2611 405 2693 ἐποίησαν
425 2613 477 2674 καὶ
497 2609 713 2693 ἱπποδρομίας,
735 2607 752 2673 ὃ
771 2606 917 2697 πρότερον
938 2609 993 2675 οὐκ
1013 2605 1061 2695 ἦν.
1092 2614 1184 2679 Delia
1203 2623 1304 2685 autem

133 2718 221 2762 sacra
239 2697 378 2762 uidentur
396 2695 478 2759 veris
498 2700 629 2782 tempore
641 2693 857 2781 Thargelionis
877 2696 925 2761 die
940 2704 1026 2761 sexte
1048 2705 1077 2762 et
1088 2701 1210 2788 septimo
1222 2703 1302 2766 cele-

132 2782 219 2846 brata
234 2803 318 2862 esse,
339 2781 399 2845 vid.
413 2778 627 2845 Bceckbinsin
648 2779 758 2843 eximio
779 2800 868 2868 opere
890 2781 926 2844 de
938 2781 1048 2846 Oecen.
1061 2781 1133 2848 Atb.
1146 2783 1187 2849 T.
1208 2785 1248 2850 ll.
1269 2808 1302 2876 p.
1372 2858 1375 2863 ,

131 2867 211 2932 218:
254 2887 340 2930 sacra
361 2873 457 2930 autem
478 2864 598 2928 deorum
618 2863 800 2951 potissimum
822 2864 923 2931 diebus
945 2867 1102 2950 natalibus,
1123 2874 1155 2932 nt
1175 2891 1302 2937 consen-

132 2955 250 3015 taneum
277 2957 339 3031 est,
377 2949 611 3013 celebrabantur.
661 2947 754 3012 Sexte
791 2956 887 3014 nutem
922 2972 954 3014 se
975 2953 1100 3037 timeque
1126 2953 1175 3018 die
1209 2955 1300 3023 huius

131 3036 243 3100 mensis
275 3036 338 3099 nati
371 3035 544 3098 dicebantur
567 3030 676 3122 Apelle
704 3039 734 3097 et
759 3032 873 3115 Diana,
915 2972 975 3100 vid.
1002 3037 1094 3124 Diog.
1126 3037 1232 3105 Laert.
1256 3041 1300 3109 ll.

131 3118 184 3185 44.
214 3121 251 3186 de
271 3119 404 3185 Socratis
426 3119 474 3182 die
495 3117 602 3181 natali:
627 3117 842 3203 Θαργηλιῶνος
863 3119 943 3204 ἕκτη,
966 3116 1014 3184 ὅτε
1035 3123 1221 3205 καθαίρουσι
1242 3124 1300 3206 τήν

111 3200 220 3269 ,πόλιν
240 3204 403 3286 Ἀθηναῖοι
428 3203 479 3266 καὶ
506 3201 563 3283 τήν
581 3199 723 3285 ’Άρτεμιν
750 3202 891 3286 γενέσθαι
922 3201 1036 3287 Δήλιοί
1059 3230 1164 3292 φασιν.
1192 3216 1221 3274 et
1240 3209 1299 3277 ΠΙ.
1342 3238 1346 3245 ·

130 3291 161 3354 2.
183 3289 220 3354 de
240 3289 376 3354 Platonis
399 3287 446 3351 die
467 3287 574 3351 natali:
620 3287 836 3372 Θαργηλιῶνος
856 3286 989 3375 ἑβδόμη,
1024 3290 1103 3355 καθ’
1125 3289 1164 3375 ἣν
1184 3293 1299 3377 Δήλιοι

129 3372 184 3437 τδν
204 3372 380 3439 Ἀπόλλωνα
414 3373 557 3456 γενέσθαι
585 3372 689 3457 φασίν.
737 3371 816 3436 Ηίοο
851 3374 939 3437 etiam
971 3375 1177 3464 repetendum,
1220 3380 1299 3464 quod
1372 3378 1376 3387 ¹

130 3465 233 3522 sextus
260 3459 399 3543 cuiusque
418 3458 530 3521 mensis
552 3456 615 3521 dies
637 3479 723 3521 sacer
743 3464 808 3521 erat
832 3457 968 3541 Dianae,
1000 3461 1140 3549 septimus
1161 3460 1299 3552 Apollini
1359 3498 1364 3511 ι

129 3543 189 3609 vid.
211 3541 311 3607 Schol.
331 3541 486 3690 Ατίολορίι.
506 3541 587 3606 Plut
608 3541 708 3607 1t27:
744 3538 824 3616 Ἔξω
853 3542 913 3626 γὰρ
934 3549 996 3608 τῶν
1015 3542 1130 3630 ἑορτῶν
1154 3547 1236 3633 ἱεραί
1252 3575 1298 3615 τι-

129 3652 177 3703 νες
196 3632 252 3691 τοῦ
270 3626 368 3711 μηνὸς
388 3623 430 3708 ήμ
448 3650 500 3708 ραι
527 3627 699 3706 νομίζονται
714 3623 862 3709 Ἀθήνησι
895 3633 979 3705 θεοῖς
1003 3633 1095 3708 τισίν,
1133 3626 1198 3696 οἷον
1224 3659 1298 3698 νου-

127 3713 222 3793 μηνία
243 3714 295 3776 καί
316 3707 433 3793 ἑβδόμη
450 3706 631 3787 Ἀπόλλωνι,
665 3709 772 3794 τετρὰς
792 3707 890 3796 Ἑρμῇ
917 3716 967 3776 καί
990 3711 1082 3820 ὀγδόη
1106 3715 1212 3798 Θησεῖ.
1254 3718 1299 3785 Et

127 3798 213 3861 ibid.:
240 3793 390 3861 Ἓκάστου
418 3795 476 3881 γὰρ
497 3793 594 3879 μηνός
614 3791 633 3877 ή
655 3796 803 3876 νουμηνία
824 3800 875 3859 καί
896 3794 915 3875 ή
936 3795 1054 3882 ἕβδομη
1076 3797 1229 3886 άφιίρωτο
1250 3810 1297 3889 τῷ

121 3878 303 3959 Ἀπόλλωνι,
334 3877 354 3957 ή
381 3880 414 3944 δὲ
440 3879 570 3962 τετάρτη
595 3885 639 3965 τῷ
656 3875 768 3964 Ἑρμῇ,
800 3877 876 3962 ήδέ
897 3882 968 3964 ἕκτη
988 3889 1027 3970 τῇ
1046 3882 1211 3971 Ἀρτέμιδι.
1253 3888 1297 3956 Et

127 3967 218 4053 longe
239 3967 361 4054 gravior
382 3973 483 4030 auctor
502 3962 653 4029 Hesiodus
674 3964 821 4052 Operibus
840 3986 870 4030 v.
891 3968 969 4032 768:

366 4046 518 4132 Ἑβδόμη,
541 4047 622 4133 ἱερὸν
641 4040 736 4134 ἦμαρ,

213 4138 263 4219 Τῇ
284 4135 343 4221 γὰρ
371 4130 550 4199 Ἀπόλλωνα
579 4131 740 4217 χρυσάορα
772 4134 889 4215 γείνατο
910 4131 1021 4217 Λητῶ.

127 4218 242 4285 Confer
260 4219 440 4307 Dionysium
451 4217 654 4284 Artssbetor.
673 4218 729 4283 lll.
749 4238 780 4306 p.
799 4217 872 4283 24³.
892 4217 1015 4287 Reisk.:
1036 4223 1078 4287 m
1091 4220 1293 4313 δίὲβδόμηῆ

127 4305 213 4390 ἕκτη,
235 4300 281 4370 ὅτι
299 4305 375 4389 ἱεραὶ
387 4312 453 4369 τοῖν
462 4308 562 4383 θεοῖν,
583 4305 633 4368 καί
647 4298 692 4367 ότι
703 4303 844 4368 κοινωνία
855 4302 933 4391 πρὸς
941 4303 978 4370 τδ
998 4316 1135 4395 κρεῖττον
1153 4309 1235 4377 md
1253 4334 1292 4378 το
