<?xml version="1.0" encoding="UTF-8"?>
<!DOCTYPE html PUBLIC "-//W3C//DTD XHTML 1.0 Transitional//EN"
    "http://www.w3.org/TR/xhtml1/DTD/xhtml1-transitional.dtd">
<html xmlns="http://www.w3.org/1999/xhtml" xml:lang="en" lang="en">
 <head>
  <title>
</title>
<meta http-equiv="Content-Type" content="text/html;charset=utf-8" />
  <meta name='ocr-system' content='tesseract 3.04.00' />
  <meta name='ocr-capabilities' content='ocr_page ocr_carea ocr_par ocr_line ocrx_word'/>
</head>
<body>
  <div class='ocr_page' id='page_1' title='image "./commentationumd00berggoog_0325.png"; bbox 0 0 2760 4792; ppageno 0'>
   <div class='ocr_carea' id='block_1_1' title="bbox 323 200 1264 281">
    <p class='ocr_par' dir='ltr' id='par_1_1' title="bbox 323 200 1264 281">
     <span class='ocr_line' id='line_1_1' title="bbox 323 200 1264 281; baseline 0.001 -8"><span class='ocrx_word' id='word_1_1' title='bbox 323 203 383 273; x_wconf 81' lang='lat' dir='ltr'>DE</span> <span class='ocrx_word' id='word_1_2' title='bbox 402 201 545 281; x_wconf 75' lang='lat' dir='ltr'>aomo.</span> <span class='ocrx_word' id='word_1_3' title='bbox 565 201 753 281; x_wconf 74' lang='lat' dir='ltr'>COMOED,</span> <span class='ocrx_word' id='word_1_4' title='bbox 776 200 883 272; x_wconf 80' lang='grc' dir='ltr'><strong>ΑΤΤ.</strong></span> <span class='ocrx_word' id='word_1_5' title='bbox 907 200 1051 280; x_wconf 75' lang='lat' dir='ltr'>numo.</span> <span class='ocrx_word' id='word_1_6' title='bbox 1198 206 1264 275; x_wconf 77' lang='lat'>281</span> 
     </span>
    </p>
   </div>
   <div class='ocr_carea' id='block_1_2' title="bbox 71 369 1340 4339">
    <p class='ocr_par' dir='ltr' id='par_1_2' title="bbox 100 369 1338 1621">
     <span class='ocr_line' id='line_1_2' title="bbox 100 369 1263 458; baseline 0.001 -19"><span class='ocrx_word' id='word_1_7' title='bbox 100 371 264 439; x_wconf 83' lang='lat' dir='ltr'>Praetereo</span> <span class='ocrx_word' id='word_1_8' title='bbox 296 369 375 453; x_wconf 86' lang='lat' dir='ltr'>alia,</span> <span class='ocrx_word' id='word_1_9' title='bbox 415 391 490 456; x_wconf 88' lang='lat' dir='ltr'>quae</span> <span class='ocrx_word' id='word_1_10' title='bbox 516 369 604 436; x_wconf 90' lang='lat' dir='ltr'>etiam</span> <span class='ocrx_word' id='word_1_11' title='bbox 632 370 767 435; x_wconf 88' lang='lat' dir='ltr'>nuncin</span> <span class='ocrx_word' id='word_1_12' title='bbox 794 372 913 458; x_wconf 83' lang='lat' dir='ltr'>exiguis</span> <span class='ocrx_word' id='word_1_13' title='bbox 959 373 1072 439; x_wconf 84' lang='lat' dir='ltr'>uamris</span> <span class='ocrx_word' id='word_1_14' title='bbox 1098 372 1263 440; x_wconf 84' lang='lat' dir='ltr'>fabularum</span> 
     </span>
     <span class='ocr_line' id='line_1_3' title="bbox 101 394 1264 543; baseline 0 -21"><span class='ocrx_word' id='word_1_15' title='bbox 101 457 234 543; x_wconf 85' lang='lat' dir='ltr'>reliquiis</span> <span class='ocrx_word' id='word_1_16' title='bbox 261 456 342 520; x_wconf 84' lang='lat' dir='ltr'>facili</span> <span class='ocrx_word' id='word_1_17' title='bbox 368 476 459 543; x_wconf 91' lang='lat' dir='ltr'>opera</span> <span class='ocrx_word' id='word_1_18' title='bbox 485 456 666 543; x_wconf 80' lang='lat' dir='ltr'>deprehendi</span> <span class='ocrx_word' id='word_1_19' title='bbox 691 463 823 543; x_wconf 88' lang='lat' dir='ltr'>possunt</span> <span class='ocrx_word' id='word_1_20' title='bbox 865 457 912 521; x_wconf 90' lang='lat' dir='ltr'>lta</span> <span class='ocrx_word' id='word_1_21' title='bbox 933 394 1082 523; x_wconf 75' lang='lat' dir='ltr'>llratetem</span> <span class='ocrx_word' id='word_1_22' title='bbox 1110 468 1264 523; x_wconf 86' lang='lat' dir='ltr'>consenta-</span> 
     </span>
     <span class='ocr_line' id='line_1_4' title="bbox 102 540 1263 638; baseline 0.001 -32"><span class='ocrx_word' id='word_1_23' title='bbox 102 563 191 607; x_wconf 90' lang='lat' dir='ltr'>neum</span> <span class='ocrx_word' id='word_1_24' title='bbox 213 547 260 606; x_wconf 86' lang='lat' dir='ltr'>est</span> <span class='ocrx_word' id='word_1_25' title='bbox 280 561 416 605; x_wconf 90' lang='lat' dir='ltr'>numeros</span> <span class='ocrx_word' id='word_1_26' title='bbox 438 561 550 625; x_wconf 94' lang='lat' dir='ltr'>quoque</span> <span class='ocrx_word' id='word_1_27' title='bbox 571 560 787 638; x_wconf 80' lang='lat' dir='ltr'><strong>nonnumquam</strong></span> <span class='ocrx_word' id='word_1_28' title='bbox 808 540 844 605; x_wconf 86' lang='lat' dir='ltr'>ad</span> <span class='ocrx_word' id='word_1_29' title='bbox 865 542 952 606; x_wconf 89' lang='lat' dir='ltr'>istum</span> <span class='ocrx_word' id='word_1_30' title='bbox 963 544 1078 608; x_wconf 91' lang='lat' dir='ltr'>modum</span> <span class='ocrx_word' id='word_1_31' title='bbox 1100 543 1263 607; x_wconf 81' lang='lat' dir='ltr'>conforma·</span> 
     </span>
     <span class='ocr_line' id='line_1_5' title="bbox 104 624 1265 714; baseline -0.001 -22"><span class='ocrx_word' id='word_1_32' title='bbox 104 628 195 693; x_wconf 83' lang='lat' dir='ltr'>uisse.</span> <span class='ocrx_word' id='word_1_33' title='bbox 237 624 358 689; x_wconf 85' lang='lat' dir='ltr'>Induxit</span> <span class='ocrx_word' id='word_1_34' title='bbox 388 634 482 688; x_wconf 86' lang='lat' dir='ltr'>autem</span> <span class='ocrx_word' id='word_1_35' title='bbox 506 633 593 712; x_wconf 89' lang='lat' dir='ltr'>poeta</span> <span class='ocrx_word' id='word_1_36' title='bbox 618 624 827 689; x_wconf 79' lang='lat' dir='ltr'>festivissimus</span> <span class='ocrx_word' id='word_1_37' title='bbox 849 624 943 689; x_wconf 82' lang='lat' dir='ltr'>Feras</span> <span class='ocrx_word' id='word_1_38' title='bbox 972 625 1139 712; x_wconf 91' lang='lat' dir='ltr'>loquentes,</span> <span class='ocrx_word' id='word_1_39' title='bbox 1161 626 1265 714; x_wconf 84' lang='lat' dir='ltr'>lingua</span> 
     </span>
     <span class='ocr_line' id='line_1_6' title="bbox 105 709 1266 797; baseline 0.001 -22"><span class='ocrx_word' id='word_1_40' title='bbox 105 712 182 776; x_wconf 89' lang='lat' dir='ltr'>enim</span> <span class='ocrx_word' id='word_1_41' title='bbox 209 731 281 773; x_wconf 88' lang='lat' dir='ltr'>usae</span> <span class='ocrx_word' id='word_1_42' title='bbox 308 718 393 773; x_wconf 89' lang='lat' dir='ltr'>erant</span> <span class='ocrx_word' id='word_1_43' title='bbox 420 709 515 796; x_wconf 88' lang='lat' dir='ltr'>prisco</span> <span class='ocrx_word' id='word_1_44' title='bbox 543 717 688 795; x_wconf 90' lang='lat' dir='ltr'>tempore,</span> <span class='ocrx_word' id='word_1_45' title='bbox 732 711 896 797; x_wconf 78' lang='lat' dir='ltr'>(compares</span> <span class='ocrx_word' id='word_1_46' title='bbox 923 720 1042 797; x_wconf 88' lang='lat' dir='ltr'>praeter</span> <span class='ocrx_word' id='word_1_47' title='bbox 1070 712 1144 775; x_wconf 89' lang='lat' dir='ltr'>alios</span> <span class='ocrx_word' id='word_1_48' title='bbox 1164 710 1266 776; x_wconf 85' lang='lat' dir='ltr'>Xeno-</span> 
     </span>
     <span class='ocr_line' id='line_1_7' title="bbox 105 791 1267 885; baseline 0 -26"><span class='ocrx_word' id='word_1_49' title='bbox 105 797 242 885; x_wconf 88' lang='lat' dir='ltr'>phontem</span> <span class='ocrx_word' id='word_1_50' title='bbox 265 796 295 856; x_wconf 93' lang='lat' dir='ltr'>in</span> <span class='ocrx_word' id='word_1_51' title='bbox 319 792 544 859; x_wconf 85' lang='lat' dir='ltr'>Commentariis</span> <span class='ocrx_word' id='word_1_52' title='bbox 566 791 698 856; x_wconf 84' lang='lat' dir='ltr'>Socratis</span> <span class='ocrx_word' id='word_1_53' title='bbox 720 791 759 856; x_wconf 91' lang='lat' dir='ltr'>ll.</span> <span class='ocrx_word' id='word_1_54' title='bbox 777 797 809 875; x_wconf 87' lang='lat'>7,</span> <span class='ocrx_word' id='word_1_55' title='bbox 830 797 881 858; x_wconf 78' lang='lat'>13:</span> <span class='ocrx_word' id='word_1_56' title='bbox 904 796 979 878; x_wconf 80' lang='lat' dir='ltr'>quoi</span> <span class='ocrx_word' id='word_1_57' title='bbox 1001 792 1075 880; x_wconf 87' lang='grc' dir='ltr'><strong><em>γάρ,</em></strong></span> <span class='ocrx_word' id='word_1_58' title='bbox 1098 792 1143 859; x_wconf 85' lang='grc' dir='ltr'>ὅτι</span> <span class='ocrx_word' id='word_1_59' title='bbox 1165 792 1267 881; x_wconf 75' lang='grc' dir='ltr'><strong><em>φωνή·</em></strong></span> 
     </span>
     <span class='ocr_line' id='line_1_8' title="bbox 106 873 1268 968; baseline -0.001 -27"><span class='ocrx_word' id='word_1_60' title='bbox 106 903 175 946; x_wconf 93' lang='grc' dir='ltr'><strong><em>εντα</em></strong></span> <span class='ocrx_word' id='word_1_61' title='bbox 196 879 236 943; x_wconf 81' lang='grc' dir='ltr'>τά</span> <span class='ocrx_word' id='word_1_62' title='bbox 257 881 334 956; x_wconf 85' lang='grc' dir='ltr'><strong><em>ζῶα,</em></strong></span> <span class='ocrx_word' id='word_1_63' title='bbox 365 878 419 960; x_wconf 83' lang='grc' dir='ltr'>τὴν</span> <span class='ocrx_word' id='word_1_64' title='bbox 442 873 486 942; x_wconf 75' lang='lat' dir='ltr'>olo</span> <span class='ocrx_word' id='word_1_65' title='bbox 513 875 589 960; x_wconf 85' lang='grc' dir='ltr'><strong><em>πρὸς</em></strong></span> <span class='ocrx_word' id='word_1_66' title='bbox 609 876 663 940; x_wconf 80' lang='lat' dir='ltr'>cdv</span> <span class='ocrx_word' id='word_1_67' title='bbox 684 873 838 960; x_wconf 76' lang='grc' dir='ltr'><strong><em>’δεσπότην</em></strong></span> <span class='ocrx_word' id='word_1_68' title='bbox 863 880 954 942; x_wconf 76' lang='grc' dir='ltr'><strong><em>εἰπεῖν</em></strong></span> <span class='ocrx_word' id='word_1_69' title='bbox 975 883 1053 961; x_wconf 77' lang='grc' dir='ltr'><strong><em>κτλ.)</em></strong></span> <span class='ocrx_word' id='word_1_70' title='bbox 1085 902 1158 964; x_wconf 87' lang='lat' dir='ltr'>quae</span> <span class='ocrx_word' id='word_1_71' title='bbox 1179 880 1268 968; x_wconf 71' lang='lat' dir='ltr'>flugi-</span> 
     </span>
     <span class='ocr_line' id='line_1_9' title="bbox 106 962 1267 1049; baseline -0.001 -19"><span class='ocrx_word' id='word_1_72' title='bbox 106 970 205 1030; x_wconf 86' lang='lat' dir='ltr'>tarent</span> <span class='ocrx_word' id='word_1_73' title='bbox 231 964 267 1026; x_wconf 93' lang='lat' dir='ltr'>ab</span> <span class='ocrx_word' id='word_1_74' title='bbox 298 962 482 1043; x_wconf 73' lang='lat' dir='ltr'>homiuibuS,</span> <span class='ocrx_word' id='word_1_75' title='bbox 513 970 546 1026; x_wconf 92' lang='lat' dir='ltr'>ut</span> <span class='ocrx_word' id='word_1_76' title='bbox 571 962 604 1025; x_wconf 90' lang='lat' dir='ltr'>in</span> <span class='ocrx_word' id='word_1_77' title='bbox 630 969 795 1049; x_wconf 83' lang='lat' dir='ltr'>posterum,</span> <span class='ocrx_word' id='word_1_78' title='bbox 823 963 851 1027; x_wconf 90' lang='lat' dir='ltr'>si</span> <span class='ocrx_word' id='word_1_79' title='bbox 878 963 915 1026; x_wconf 89' lang='lat' dir='ltr'>ad</span> <span class='ocrx_word' id='word_1_80' title='bbox 943 963 1112 1029; x_wconf 78' lang='lat' dir='ltr'>felicitatem</span> <span class='ocrx_word' id='word_1_81' title='bbox 1141 964 1267 1049; x_wconf 87' lang='lat' dir='ltr'>aliquam</span> 
     </span>
     <span class='ocr_line' id='line_1_10' title="bbox 106 1047 1267 1135; baseline -0.001 -21"><span class='ocrx_word' id='word_1_82' title='bbox 106 1049 218 1114; x_wconf 81' lang='lat' dir='ltr'>veilent</span> <span class='ocrx_word' id='word_1_83' title='bbox 248 1048 421 1135; x_wconf 89' lang='lat' dir='ltr'>pervenire,</span> <span class='ocrx_word' id='word_1_84' title='bbox 453 1047 510 1111; x_wconf 89' lang='lat' dir='ltr'>sibi</span> <span class='ocrx_word' id='word_1_85' title='bbox 543 1053 698 1134; x_wconf 84' lang='lat' dir='ltr'>parcerent</span> <span class='ocrx_word' id='word_1_86' title='bbox 723 1054 753 1110; x_wconf 92' lang='lat' dir='ltr'>et</span> <span class='ocrx_word' id='word_1_87' title='bbox 780 1068 798 1110; x_wconf 89' lang='lat' dir='ltr'>a</span> <span class='ocrx_word' id='word_1_88' title='bbox 825 1047 956 1112; x_wconf 89' lang='lat' dir='ltr'>carnium</span> <span class='ocrx_word' id='word_1_89' title='bbox 991 1070 1043 1112; x_wconf 92' lang='lat' dir='ltr'>esu</span> <span class='ocrx_word' id='word_1_90' title='bbox 1071 1049 1267 1114; x_wconf 81' lang='lat' dir='ltr'>abstinerent:</span> 
     </span>
     <span class='ocr_line' id='line_1_11' title="bbox 108 1131 1270 1217; baseline 0.002 -19"><span class='ocrx_word' id='word_1_91' title='bbox 108 1133 219 1217; x_wconf 79' lang='lat' dir='ltr'>antiqui</span> <span class='ocrx_word' id='word_1_92' title='bbox 241 1133 318 1195; x_wconf 93' lang='lat' dir='ltr'>enim</span> <span class='ocrx_word' id='word_1_93' title='bbox 345 1132 389 1195; x_wconf 92' lang='lat' dir='ltr'>illi</span> <span class='ocrx_word' id='word_1_94' title='bbox 411 1132 544 1195; x_wconf 87' lang='lat' dir='ltr'>homines</span> <span class='ocrx_word' id='word_1_95' title='bbox 571 1131 680 1197; x_wconf 91' lang='lat' dir='ltr'>nullam</span> <span class='ocrx_word' id='word_1_96' title='bbox 702 1131 819 1195; x_wconf 93' lang='lat' dir='ltr'>omnino</span> <span class='ocrx_word' id='word_1_97' title='bbox 841 1153 960 1196; x_wconf 90' lang='lat' dir='ltr'>carnem</span> <span class='ocrx_word' id='word_1_98' title='bbox 981 1133 1188 1214; x_wconf 82' lang='lat' dir='ltr'>comederant,</span> <span class='ocrx_word' id='word_1_99' title='bbox 1215 1132 1270 1200; x_wconf 89' lang='lat' dir='ltr'>sed</span> 
     </span>
     <span class='ocr_line' id='line_1_12' title="bbox 107 1216 1270 1306; baseline 0 -25"><span class='ocrx_word' id='word_1_100' title='bbox 107 1238 196 1306; x_wconf 87' lang='lat' dir='ltr'>parco</span> <span class='ocrx_word' id='word_1_101' title='bbox 217 1217 293 1280; x_wconf 85' lang='lat' dir='ltr'>victu</span> <span class='ocrx_word' id='word_1_102' title='bbox 315 1216 443 1280; x_wconf 79' lang='lat' dir='ltr'>contenti</span> <span class='ocrx_word' id='word_1_103' title='bbox 465 1217 552 1279; x_wconf 87' lang='lat' dir='ltr'>vitam</span> <span class='ocrx_word' id='word_1_104' title='bbox 575 1237 591 1278; x_wconf 90' lang='lat' dir='ltr'>e</span> <span class='ocrx_word' id='word_1_105' title='bbox 616 1222 701 1279; x_wconf 87' lang='lat' dir='ltr'>erant</span> <span class='ocrx_word' id='word_1_106' title='bbox 721 1217 848 1280; x_wconf 89' lang='lat' dir='ltr'>sobriam</span> <span class='ocrx_word' id='word_1_107' title='bbox 869 1223 898 1279; x_wconf 90' lang='lat' dir='ltr'>et</span> <span class='ocrx_word' id='word_1_108' title='bbox 919 1216 1011 1304; x_wconf 84' lang='lat' dir='ltr'>piam:</span> <span class='ocrx_word' id='word_1_109' title='bbox 1037 1218 1105 1282; x_wconf 87' lang='lat' dir='ltr'>vide</span> <span class='ocrx_word' id='word_1_110' title='bbox 1127 1217 1270 1282; x_wconf 87' lang='lat' dir='ltr'>Dicaear-</span> 
     </span>
     <span class='ocr_line' id='line_1_13' title="bbox 110 1237 1271 1389; baseline -0.001 -22"><span class='ocrx_word' id='word_1_111' title='bbox 110 1302 194 1367; x_wconf 85' lang='lat' dir='ltr'>chum</span> <span class='ocrx_word' id='word_1_112' title='bbox 216 1301 291 1389; x_wconf 87' lang='lat' dir='ltr'>apud</span> <span class='ocrx_word' id='word_1_113' title='bbox 313 1300 488 1386; x_wconf 82' lang='lat' dir='ltr'>Hieronym.</span> <span class='ocrx_word' id='word_1_114' title='bbox 511 1299 552 1364; x_wconf 87' lang='grc' dir='ltr'>Τ.</span> <span class='ocrx_word' id='word_1_115' title='bbox 574 1237 627 1363; x_wconf 69' lang='lat' dir='ltr'>ld.</span> <span class='ocrx_word' id='word_1_116' title='bbox 671 1301 762 1364; x_wconf 80' lang='grc'><strong>.230.</strong></span> <span class='ocrx_word' id='word_1_117' title='bbox 788 1300 833 1364; x_wconf 88' lang='lat' dir='ltr'>lta</span> <span class='ocrx_word' id='word_1_118' title='bbox 853 1322 889 1363; x_wconf 88' lang='lat' dir='ltr'>ue</span> <span class='ocrx_word' id='word_1_119' title='bbox 911 1309 941 1363; x_wconf 93' lang='lat' dir='ltr'>et</span> <span class='ocrx_word' id='word_1_120' title='bbox 961 1300 1151 1389; x_wconf 84' lang='lat' dir='ltr'>Pythagoras</span> <span class='ocrx_word' id='word_1_121' title='bbox 1173 1302 1271 1366; x_wconf 84' lang='lat' dir='ltr'>docuit</span> 
     </span>
     <span class='ocr_line' id='line_1_14' title="bbox 110 1321 1272 1472; baseline 0 -22"><span class='ocrx_word' id='word_1_122' title='bbox 110 1407 216 1450; x_wconf 88' lang='lat' dir='ltr'>carnes</span> <span class='ocrx_word' id='word_1_123' title='bbox 230 1384 326 1448; x_wconf 86' lang='lat' dir='ltr'>nullas</span> <span class='ocrx_word' id='word_1_124' title='bbox 349 1386 478 1450; x_wconf 89' lang='lat' dir='ltr'>edendas</span> <span class='ocrx_word' id='word_1_125' title='bbox 500 1406 568 1449; x_wconf 89' lang='lat' dir='ltr'>esse</span> <span class='ocrx_word' id='word_1_126' title='bbox 586 1392 615 1448; x_wconf 90' lang='lat' dir='ltr'>et</span> <span class='ocrx_word' id='word_1_127' title='bbox 627 1321 818 1472; x_wconf 67' lang='lat' dir='ltr'>Epopedocles</span> <span class='ocrx_word' id='word_1_128' title='bbox 831 1321 871 1447; x_wconf 77' lang='lat' dir='ltr'>da</span> <span class='ocrx_word' id='word_1_129' title='bbox 894 1384 976 1449; x_wconf 91' lang='lat' dir='ltr'>itium</span> <span class='ocrx_word' id='word_1_130' title='bbox 996 1407 1138 1451; x_wconf 91' lang='lat' dir='ltr'>summum</span> <span class='ocrx_word' id='word_1_131' title='bbox 1159 1386 1272 1450; x_wconf 87' lang='lat' dir='ltr'>iudica·</span> 
     </span>
     <span class='ocr_line' id='line_1_15' title="bbox 111 1405 1338 1621; baseline 0.002 -87"><span class='ocrx_word' id='word_1_132' title='bbox 111 1470 437 1621; x_wconf 57' lang='lat' dir='ltr'>lil·’·t⁸,l,q&#39;¹i⁸·t[⁶mm</span> <span class='ocrx_word' id='word_1_133' title='bbox 463 1476 636 1550; x_wconf 84' lang='lat' dir='ltr'>mactasset,</span> <span class='ocrx_word' id='word_1_134' title='bbox 664 1488 694 1532; x_wconf 86' lang='lat' dir='ltr'>u.</span> <span class='ocrx_word' id='word_1_135' title='bbox 714 1469 778 1534; x_wconf 81' lang='lat'>312</span> <span class='ocrx_word' id='word_1_136' title='bbox 800 1469 846 1536; x_wconf 85' lang='lat' dir='ltr'>ed.</span> <span class='ocrx_word' id='word_1_137' title='bbox 868 1405 972 1552; x_wconf 58' lang='grc' dir='ltr'><strong><em>ἕλοιο,</em></strong></span> <span class='ocrx_word' id='word_1_138' title='bbox 1006 1471 1119 1538; x_wconf 85' lang='lat' dir='ltr'>ubido</span> <span class='ocrx_word' id='word_1_139' title='bbox 1145 1471 1272 1560; x_wconf 84' lang='lat' dir='ltr'>pristina</span> <span class='ocrx_word' id='word_1_140' title='bbox 1335 1472 1338 1478; x_wconf 79' lang='lat'>&#39;</span> 
     </span>
     <span class='ocr_line' id='line_1_16' title="bbox 125 1577 352 1620; baseline -0.004 0"><span class='ocrx_word' id='word_1_141' title='bbox 125 1577 191 1620; x_wconf 79' lang='grc' dir='ltr'><strong><em>οισι</em></strong></span> <span class='ocrx_word' id='word_1_142' title='bbox 274 1577 352 1619; x_wconf 85' lang='lat' dir='ltr'>ar:</span> 
     </span>
    </p>

    <p class='ocr_par' dir='ltr' id='par_1_3' title="bbox 198 1577 1024 1722">
     <span class='ocr_line' id='line_1_17' title="bbox 198 1577 1024 1722; baseline -0.002 -20"><span class='ocrx_word' id='word_1_143' title='bbox 198 1577 331 1722; x_wconf 62' lang='grc' dir='ltr'><strong><em>Ταάράν</em></strong></span> <span class='ocrx_word' id='word_1_144' title='bbox 351 1633 384 1701; x_wconf 72' lang='grc' dir='ltr'>δ’</span> <span class='ocrx_word' id='word_1_145' title='bbox 407 1629 565 1718; x_wconf 70' lang='grc' dir='ltr'><strong><em>ἀκρήτοισι</em></strong></span> <span class='ocrx_word' id='word_1_146' title='bbox 594 1631 700 1719; x_wconf 77' lang='grc' dir='ltr'><strong><em>φόνοις</em></strong></span> <span class='ocrx_word' id='word_1_147' title='bbox 721 1631 757 1699; x_wconf 83' lang='grc' dir='ltr'>οδ</span> <span class='ocrx_word' id='word_1_148' title='bbox 780 1629 882 1700; x_wconf 77' lang='lat' dir='ltr'>dedero</span> <span class='ocrx_word' id='word_1_149' title='bbox 902 1633 1024 1718; x_wconf 75' lang='grc' dir='ltr'><strong><em>βωμός,</em></strong></span> 
     </span>
    </p>

    <p class='ocr_par' dir='ltr' id='par_1_4' title="bbox 192 1715 1048 1804">
     <span class='ocr_line' id='line_1_18' title="bbox 192 1715 1048 1804; baseline -0.001 -19"><span class='ocrx_word' id='word_1_150' title='bbox 192 1723 285 1790; x_wconf 80' lang='grc' dir='ltr'><strong><em>Ἀλλὰ</em></strong></span> <span class='ocrx_word' id='word_1_151' title='bbox 304 1719 402 1804; x_wconf 86' lang='grc' dir='ltr'><strong><em>μάσος</em></strong></span> <span class='ocrx_word' id='word_1_152' title='bbox 423 1716 510 1782; x_wconf 78' lang='grc' dir='ltr'><strong><em>τοῦτ’</em></strong></span> <span class='ocrx_word' id='word_1_153' title='bbox 538 1716 623 1781; x_wconf 69' lang='grc' dir='ltr'><strong><em>ἴσκεν</em></strong></span> <span class='ocrx_word' id='word_1_154' title='bbox 644 1719 676 1780; x_wconf 74' lang='grc' dir='ltr'><strong><em>ἐν</em></strong></span> <span class='ocrx_word' id='word_1_155' title='bbox 696 1715 888 1798; x_wconf 78' lang='grc' dir='ltr'><strong><em>ἀνθρώποισι</em></strong></span> <span class='ocrx_word' id='word_1_156' title='bbox 907 1720 1048 1804; x_wconf 76' lang='grc' dir='ltr'><strong><em>μόγιοτον</em></strong></span> 
     </span>
    </p>

    <p class='ocr_par' dir='ltr' id='par_1_5' title="bbox 114 1800 1286 2900">
     <span class='ocr_line' id='line_1_19' title="bbox 202 1800 910 1887; baseline -0.007 -17"><span class='ocrx_word' id='word_1_157' title='bbox 202 1805 309 1886; x_wconf 88' lang='grc' dir='ltr'><strong><em>Θυμδν</em></strong></span> <span class='ocrx_word' id='word_1_158' title='bbox 329 1802 577 1887; x_wconf 79' lang='grc' dir='ltr'><strong><em>ἀπορραόσαντας</em></strong></span> <span class='ocrx_word' id='word_1_159' title='bbox 597 1801 732 1879; x_wconf 76' lang='grc' dir='ltr'><strong><em>ῖίδμεναι</em></strong></span> <span class='ocrx_word' id='word_1_160' title='bbox 753 1800 810 1883; x_wconf 76' lang='grc' dir='ltr'><strong><em>ν’γόα</em></strong></span> <span class='ocrx_word' id='word_1_161' title='bbox 830 1811 910 1884; x_wconf 88' lang='grc' dir='ltr'><strong><em>γυῖα.</em></strong></span> 
     </span>
     <span class='ocr_line' id='line_1_20' title="bbox 116 1886 1275 1984; baseline -0.003 -25"><span class='ocrx_word' id='word_1_162' title='bbox 116 1891 305 1959; x_wconf 85' lang='lat' dir='ltr'>Censuerunt</span> <span class='ocrx_word' id='word_1_163' title='bbox 338 1888 417 1952; x_wconf 93' lang='lat' dir='ltr'>enim</span> <span class='ocrx_word' id='word_1_164' title='bbox 449 1886 535 1950; x_wconf 88' lang='lat' dir='ltr'>nobis</span> <span class='ocrx_word' id='word_1_165' title='bbox 568 1886 772 1972; x_wconf 75' lang='lat' dir='ltr'>cognationem</span> <span class='ocrx_word' id='word_1_166' title='bbox 804 1886 951 1984; x_wconf 88' lang='lat' dir='ltr'>quandam</span> <span class='ocrx_word' id='word_1_167' title='bbox 986 1907 1053 1951; x_wconf 89' lang='lat' dir='ltr'>csse</span> <span class='ocrx_word' id='word_1_168' title='bbox 1084 1910 1148 1953; x_wconf 90' lang='lat' dir='ltr'>cum</span> <span class='ocrx_word' id='word_1_169' title='bbox 1180 1886 1275 1956; x_wconf 86' lang='lat' dir='ltr'>brutis</span> 
     </span>
     <span class='ocr_line' id='line_1_21' title="bbox 115 1969 1277 2058; baseline 0.001 -18"><span class='ocrx_word' id='word_1_170' title='bbox 115 1975 307 2057; x_wconf 86' lang='lat' dir='ltr'>animalibus,</span> <span class='ocrx_word' id='word_1_171' title='bbox 349 1970 493 2036; x_wconf 90' lang='lat' dir='ltr'>communi</span> <span class='ocrx_word' id='word_1_172' title='bbox 523 1972 615 2057; x_wconf 82' lang='lat' dir='ltr'>stirpe</span> <span class='ocrx_word' id='word_1_173' title='bbox 650 1969 747 2032; x_wconf 89' lang='lat' dir='ltr'>omnia</span> <span class='ocrx_word' id='word_1_174' title='bbox 779 1971 903 2035; x_wconf 82' lang='lat' dir='ltr'>oriunda</span> <span class='ocrx_word' id='word_1_175' title='bbox 933 1993 1017 2053; x_wconf 88' lang='lat' dir='ltr'>esse,</span> <span class='ocrx_word' id='word_1_176' title='bbox 1058 1973 1155 2058; x_wconf 86' lang='lat' dir='ltr'>itaqne</span> <span class='ocrx_word' id='word_1_177' title='bbox 1189 1975 1277 2042; x_wconf 82' lang='lat' dir='ltr'>ctiam</span> 
     </span>
     <span class='ocr_line' id='line_1_22' title="bbox 114 2054 1277 2144; baseline -0.001 -19"><span class='ocrx_word' id='word_1_178' title='bbox 114 2061 252 2125; x_wconf 89' lang='lat' dir='ltr'>homines</span> <span class='ocrx_word' id='word_1_179' title='bbox 282 2059 314 2121; x_wconf 92' lang='lat' dir='ltr'>in</span> <span class='ocrx_word' id='word_1_180' title='bbox 340 2055 500 2122; x_wconf 89' lang='lat' dir='ltr'>bestiarum</span> <span class='ocrx_word' id='word_1_181' title='bbox 527 2054 659 2140; x_wconf 82' lang='lat' dir='ltr'>effigiem</span> <span class='ocrx_word' id='word_1_182' title='bbox 687 2055 814 2118; x_wconf 89' lang='lat' dir='ltr'>reverti:</span> <span class='ocrx_word' id='word_1_183' title='bbox 847 2054 906 2119; x_wconf 92' lang='lat' dir='ltr'>vid.</span> <span class='ocrx_word' id='word_1_184' title='bbox 933 2054 1044 2120; x_wconf 82' lang='lat' dir='ltr'>Sextus</span> <span class='ocrx_word' id='word_1_185' title='bbox 1071 2055 1183 2144; x_wconf 85' lang='lat' dir='ltr'>Empir.</span> <span class='ocrx_word' id='word_1_186' title='bbox 1211 2059 1277 2124; x_wconf 88' lang='lat' dir='ltr'>adv.</span> 
     </span>
     <span class='ocr_line' id='line_1_23' title="bbox 117 2134 1279 2222; baseline -0.003 -12"><span class='ocrx_word' id='word_1_187' title='bbox 117 2143 261 2212; x_wconf 75' lang='lat' dir='ltr'>Matheo.</span> <span class='ocrx_word' id='word_1_188' title='bbox 280 2141 334 2207; x_wconf 87' lang='lat' dir='ltr'>lX.</span> <span class='ocrx_word' id='word_1_189' title='bbox 358 2142 433 2204; x_wconf 77' lang='lat'><strong>127:</strong></span> <span class='ocrx_word' id='word_1_190' title='bbox 480 2137 518 2203; x_wconf 79' lang='lat' dir='ltr'>Oi</span> <span class='ocrx_word' id='word_1_191' title='bbox 541 2141 608 2221; x_wconf 87' lang='grc' dir='ltr'><strong><em>περλ</em></strong></span> <span class='ocrx_word' id='word_1_192' title='bbox 628 2134 683 2201; x_wconf 81' lang='grc' dir='ltr'>τόν</span> <span class='ocrx_word' id='word_1_193' title='bbox 702 2135 898 2222; x_wconf 72' lang='grc' dir='ltr'><strong><em>Πυθαγόραν</em></strong></span> <span class='ocrx_word' id='word_1_194' title='bbox 927 2143 977 2203; x_wconf 81' lang='grc' dir='ltr'><strong><em>καλ</em></strong></span> <span class='ocrx_word' id='word_1_195' title='bbox 1003 2140 1057 2204; x_wconf 88' lang='grc' dir='ltr'>τδν</span> <span class='ocrx_word' id='word_1_196' title='bbox 1073 2141 1279 2220; x_wconf 79' lang='grc' dir='ltr'><strong><em>Ἔμπεδοκλόα</em></strong></span> 
     </span>
     <span class='ocr_line' id='line_1_24' title="bbox 120 2220 1279 2309; baseline -0.003 -16"><span class='ocrx_word' id='word_1_197' title='bbox 120 2231 169 2293; x_wconf 81' lang='grc' dir='ltr'><strong><em>καὶ</em></strong></span> <span class='ocrx_word' id='word_1_198' title='bbox 190 2233 252 2292; x_wconf 83' lang='grc' dir='ltr'>τῶν</span> <span class='ocrx_word' id='word_1_199' title='bbox 270 2225 393 2290; x_wconf 83' lang='grc' dir='ltr'><strong><em>Ἰταλῶν</em></strong></span> <span class='ocrx_word' id='word_1_200' title='bbox 414 2228 534 2304; x_wconf 81' lang='grc' dir='ltr'><strong><em>πλῆθος</em></strong></span> <span class='ocrx_word' id='word_1_201' title='bbox 555 2222 648 2308; x_wconf 59' lang='grc' dir='ltr'>φασόι</span> <span class='ocrx_word' id='word_1_202' title='bbox 674 2221 718 2305; x_wconf 81' lang='grc' dir='ltr'>μὴ</span> <span class='ocrx_word' id='word_1_203' title='bbox 744 2223 839 2303; x_wconf 90' lang='grc' dir='ltr'><strong><em>μόνον</em></strong></span> <span class='ocrx_word' id='word_1_204' title='bbox 859 2220 932 2304; x_wconf 75' lang='grc' dir='ltr'><strong><em>ἡμῖν</em></strong></span> <span class='ocrx_word' id='word_1_205' title='bbox 960 2223 1036 2309; x_wconf 85' lang='grc' dir='ltr'><strong><em>πρὸς</em></strong></span> <span class='ocrx_word' id='word_1_206' title='bbox 1055 2224 1207 2308; x_wconf 77' lang='grc' dir='ltr'><strong><em>ἀλλήλους</em></strong></span> <span class='ocrx_word' id='word_1_207' title='bbox 1228 2228 1279 2292; x_wconf 77' lang='grc' dir='ltr'><strong><em>καλ</em></strong></span> 
     </span>
     <span class='ocr_line' id='line_1_25' title="bbox 121 2304 1280 2398; baseline -0.001 -21"><span class='ocrx_word' id='word_1_208' title='bbox 121 2312 197 2398; x_wconf 79' lang='grc' dir='ltr'><strong><em>πρὸς</em></strong></span> <span class='ocrx_word' id='word_1_209' title='bbox 222 2311 296 2387; x_wconf 83' lang='grc' dir='ltr'><strong><em>τοδς</em></strong></span> <span class='ocrx_word' id='word_1_210' title='bbox 315 2308 409 2384; x_wconf 76' lang='grc' dir='ltr'><strong><em>θεοὺς</em></strong></span> <span class='ocrx_word' id='word_1_211' title='bbox 435 2304 511 2372; x_wconf 72' lang='grc' dir='ltr'><strong><em>εἷναί</em></strong></span> <span class='ocrx_word' id='word_1_212' title='bbox 535 2332 603 2371; x_wconf 90' lang='grc' dir='ltr'><strong><em>τινα</em></strong></span> <span class='ocrx_word' id='word_1_213' title='bbox 629 2310 802 2385; x_wconf 79' lang='grc' dir='ltr'><strong><em>κοινωνίαν,</em></strong></span> <span class='ocrx_word' id='word_1_214' title='bbox 844 2306 993 2373; x_wconf 79' lang='grc' dir='ltr'><strong><em>ἀλλὰκαὶ</em></strong></span> <span class='ocrx_word' id='word_1_215' title='bbox 1021 2309 1097 2396; x_wconf 85' lang='grc' dir='ltr'><strong><em>πρὸς</em></strong></span> <span class='ocrx_word' id='word_1_216' title='bbox 1117 2309 1157 2374; x_wconf 84' lang='grc' dir='ltr'>τά</span> <span class='ocrx_word' id='word_1_217' title='bbox 1183 2310 1280 2397; x_wconf 85' lang='grc' dir='ltr'><strong><em>άλογα</em></strong></span> 
     </span>
     <span class='ocr_line' id='line_1_26' title="bbox 121 2387 1282 2477; baseline -0.001 -15"><span class='ocrx_word' id='word_1_218' title='bbox 121 2403 182 2462; x_wconf 83' lang='grc' dir='ltr'>τῶν</span> <span class='ocrx_word' id='word_1_219' title='bbox 203 2394 301 2474; x_wconf 85' lang='grc' dir='ltr'><strong><em>ζώων·</em></strong></span> <span class='ocrx_word' id='word_1_220' title='bbox 342 2390 376 2456; x_wconf 66' lang='grc' dir='ltr'><strong><em>ἓν</em></strong></span> <span class='ocrx_word' id='word_1_221' title='bbox 400 2391 459 2476; x_wconf 83' lang='grc' dir='ltr'>γὰρ</span> <span class='ocrx_word' id='word_1_222' title='bbox 486 2387 632 2474; x_wconf 75' lang='grc' dir='ltr'><strong><em>δπάρχειν</em></strong></span> <span class='ocrx_word' id='word_1_223' title='bbox 652 2397 785 2470; x_wconf 79' lang='grc' dir='ltr'><strong><em>πνεῦμα,</em></strong></span> <span class='ocrx_word' id='word_1_224' title='bbox 812 2392 847 2454; x_wconf 86' lang='grc' dir='ltr'>τό</span> <span class='ocrx_word' id='word_1_225' title='bbox 875 2391 926 2455; x_wconf 85' lang='grc' dir='ltr'>διδ</span> <span class='ocrx_word' id='word_1_226' title='bbox 948 2393 1061 2470; x_wconf 84' lang='grc' dir='ltr'><strong><em>παντὸς</em></strong></span> <span class='ocrx_word' id='word_1_227' title='bbox 1085 2400 1141 2459; x_wconf 79' lang='grc' dir='ltr'>τοῦ</span> <span class='ocrx_word' id='word_1_228' title='bbox 1163 2391 1282 2477; x_wconf 85' lang='grc' dir='ltr'><strong><em>κόσμου</em></strong></span> 
     </span>
     <span class='ocr_line' id='line_1_27' title="bbox 124 2473 1283 2564; baseline -0.001 -20"><span class='ocrx_word' id='word_1_229' title='bbox 124 2484 242 2564; x_wconf 78' lang='grc' dir='ltr'><strong><em>διῆκον,</em></strong></span> <span class='ocrx_word' id='word_1_230' title='bbox 263 2483 367 2562; x_wconf 75' lang='grc' dir='ltr'><strong><em>ψυχῆς</em></strong></span> <span class='ocrx_word' id='word_1_231' title='bbox 387 2475 510 2559; x_wconf 70' lang='grc' dir='ltr'><strong><em>τρόπον,</em></strong></span> <span class='ocrx_word' id='word_1_232' title='bbox 530 2476 566 2541; x_wconf 84' lang='grc' dir='ltr'>τό</span> <span class='ocrx_word' id='word_1_233' title='bbox 587 2478 637 2538; x_wconf 80' lang='grc' dir='ltr'><strong><em>καὶ</em></strong></span> <span class='ocrx_word' id='word_1_234' title='bbox 659 2474 746 2539; x_wconf 69' lang='grc' dir='ltr'><strong><em>ἑνοῦν</em></strong></span> <span class='ocrx_word' id='word_1_235' title='bbox 766 2473 848 2559; x_wconf 72' lang='grc' dir='ltr'><strong><em>ἡμᾶς</em></strong></span> <span class='ocrx_word' id='word_1_236' title='bbox 870 2477 946 2559; x_wconf 86' lang='grc' dir='ltr'><strong><em>πρὸς</em></strong></span> <span class='ocrx_word' id='word_1_237' title='bbox 966 2479 1079 2541; x_wconf 71' lang='grc' dir='ltr'><strong><em>ἐκεῖνα·</em></strong></span> <span class='ocrx_word' id='word_1_238' title='bbox 1105 2477 1209 2564; x_wconf 81' lang='grc' dir='ltr'><strong><em>διόπερ</em></strong></span> <span class='ocrx_word' id='word_1_239' title='bbox 1230 2482 1283 2544; x_wconf 84' lang='grc' dir='ltr'><strong><em>καὶ</em></strong></span> 
     </span>
     <span class='ocr_line' id='line_1_28' title="bbox 125 2558 1283 2646; baseline -0.002 -15"><span class='ocrx_word' id='word_1_240' title='bbox 125 2569 287 2641; x_wconf 72' lang='grc' dir='ltr'><strong><em>κτείναντες</em></strong></span> <span class='ocrx_word' id='word_1_241' title='bbox 308 2560 388 2628; x_wconf 75' lang='grc' dir='ltr'><strong><em>αὐτὰ</em></strong></span> <span class='ocrx_word' id='word_1_242' title='bbox 409 2564 458 2625; x_wconf 81' lang='grc' dir='ltr'><strong><em>καλ</em></strong></span> <span class='ocrx_word' id='word_1_243' title='bbox 480 2568 547 2635; x_wconf 87' lang='grc' dir='ltr'><strong><em>ταῖς</em></strong></span> <span class='ocrx_word' id='word_1_244' title='bbox 568 2561 674 2640; x_wconf 75' lang='grc' dir='ltr'><strong><em>σαρξὶν</em></strong></span> <span class='ocrx_word' id='word_1_245' title='bbox 695 2558 797 2622; x_wconf 77' lang='grc' dir='ltr'><strong><em>αὐτῶν</em></strong></span> <span class='ocrx_word' id='word_1_246' title='bbox 823 2560 1017 2646; x_wconf 80' lang='grc' dir='ltr'><strong><em>τρεφόμενοι,</em></strong></span> <span class='ocrx_word' id='word_1_247' title='bbox 1047 2560 1232 2645; x_wconf 73' lang='grc' dir='ltr'><strong><em>ἀδικήσομέν</em></strong></span> <span class='ocrx_word' id='word_1_248' title='bbox 1250 2587 1283 2629; x_wconf 83' lang='grc' dir='ltr'>τε</span> 
     </span>
     <span class='ocr_line' id='line_1_29' title="bbox 127 2641 1285 2733; baseline -0.002 -19"><span class='ocrx_word' id='word_1_249' title='bbox 127 2653 174 2714; x_wconf 76' lang='grc' dir='ltr'><strong><em>καὶ</em></strong></span> <span class='ocrx_word' id='word_1_250' title='bbox 201 2646 406 2731; x_wconf 71' lang='grc' dir='ltr'><strong><em>άσεβῆσομεν,</em></strong></span> <span class='ocrx_word' id='word_1_251' title='bbox 442 2641 483 2721; x_wconf 83' lang='grc' dir='ltr'><strong><em>ὡς</em></strong></span> <span class='ocrx_word' id='word_1_252' title='bbox 508 2653 656 2726; x_wconf 74' lang='grc' dir='ltr'><strong><em>συγγενεῖς</em></strong></span> <span class='ocrx_word' id='word_1_253' title='bbox 683 2642 891 2728; x_wconf 82' lang='grc' dir='ltr'><strong><em>ἀναιροῦντες·</em></strong></span> <span class='ocrx_word' id='word_1_254' title='bbox 934 2645 1021 2710; x_wconf 61' lang='grc' dir='ltr'><strong><em>ἔνθεν</em></strong></span> <span class='ocrx_word' id='word_1_255' title='bbox 1051 2649 1101 2710; x_wconf 84' lang='grc' dir='ltr'><strong><em>καλ</em></strong></span> <span class='ocrx_word' id='word_1_256' title='bbox 1129 2644 1285 2733; x_wconf 71' lang='grc' dir='ltr'><strong><em>παρῄνουν</em></strong></span> 
     </span>
     <span class='ocr_line' id='line_1_30' title="bbox 128 2726 1286 2818; baseline -0.002 -19"><span class='ocrx_word' id='word_1_257' title='bbox 128 2726 211 2801; x_wconf 77' lang='grc' dir='ltr'><strong><em>οὗτοι</em></strong></span> <span class='ocrx_word' id='word_1_258' title='bbox 239 2736 267 2798; x_wconf 73' lang='grc' dir='ltr'>οἱ</span> <span class='ocrx_word' id='word_1_259' title='bbox 295 2727 460 2818; x_wconf 88' lang='grc' dir='ltr'><strong><em>φιλόσοφοι</em></strong></span> <span class='ocrx_word' id='word_1_260' title='bbox 485 2727 654 2810; x_wconf 69' lang='grc' dir='ltr'><strong><em>ἀπέχεσθαι</em></strong></span> <span class='ocrx_word' id='word_1_261' title='bbox 680 2734 741 2794; x_wconf 86' lang='grc' dir='ltr'>τῶν</span> <span class='ocrx_word' id='word_1_262' title='bbox 767 2727 915 2813; x_wconf 72' lang='grc' dir='ltr'><strong><em>ἐμψύχων</em></strong></span> <span class='ocrx_word' id='word_1_263' title='bbox 936 2733 986 2796; x_wconf 81' lang='grc' dir='ltr'><strong><em>καλ</em></strong></span> <span class='ocrx_word' id='word_1_264' title='bbox 1012 2729 1131 2813; x_wconf 77' lang='grc' dir='ltr'><strong><em>ἀσεβεῖν</em></strong></span> <span class='ocrx_word' id='word_1_265' title='bbox 1151 2731 1286 2818; x_wconf 65' lang='grc' dir='ltr'><strong><em>ἔφασκον</em></strong></span> 
     </span>
     <span class='ocr_line' id='line_1_31' title="bbox 128 2815 420 2900; baseline -0.017 -16"><span class='ocrx_word' id='word_1_266' title='bbox 128 2819 198 2896; x_wconf 81' lang='grc' dir='ltr'><strong><em>τοὺς</em></strong></span> <span class='ocrx_word' id='word_1_267' title='bbox 220 2815 420 2900; x_wconf 81' lang='grc' dir='ltr'><strong><em>ἀνθρώπους·</em></strong></span> 
     </span>
    </p>

    <p class='ocr_par' dir='ltr' id='par_1_6' title="bbox 71 2892 1012 3067">
     <span class='ocr_line' id='line_1_32' title="bbox 212 2892 1012 2984; baseline -0.001 -18"><span class='ocrx_word' id='word_1_268' title='bbox 212 2902 325 2983; x_wconf 83' lang='grc' dir='ltr'><strong><em>Βωμδν</em></strong></span> <span class='ocrx_word' id='word_1_269' title='bbox 345 2896 528 2981; x_wconf 75' lang='grc' dir='ltr'><strong><em>ε’ρεόθοντας</em></strong></span> <span class='ocrx_word' id='word_1_270' title='bbox 548 2892 695 2982; x_wconf 85' lang='grc' dir='ltr'><strong><em>μακάρων</em></strong></span> <span class='ocrx_word' id='word_1_271' title='bbox 715 2902 856 2984; x_wconf 77' lang='grc' dir='ltr'><strong><em>θερμοῖσι</em></strong></span> <span class='ocrx_word' id='word_1_272' title='bbox 882 2893 1012 2983; x_wconf 91' lang='grc' dir='ltr'><strong><em>φόνοισι.</em></strong></span> 
     </span>
     <span class='ocr_line' id='line_1_33' title="bbox 71 2983 622 3067; baseline -0.016 -14"><span class='ocrx_word' id='word_1_273' title='bbox 71 2996 74 3001; x_wconf 78' lang='grc'><strong>’</strong></span> <span class='ocrx_word' id='word_1_274' title='bbox 130 2990 180 3053; x_wconf 79' lang='grc' dir='ltr'><strong><em>καὶ</em></strong></span> <span class='ocrx_word' id='word_1_275' title='bbox 196 2985 408 3066; x_wconf 81' lang='grc' dir='ltr'><strong><em>Ἐμπεδοκλῆς</em></strong></span> <span class='ocrx_word' id='word_1_276' title='bbox 429 3008 488 3047; x_wconf 88' lang='grc' dir='ltr'>που</span> <span class='ocrx_word' id='word_1_277' title='bbox 515 2983 622 3067; x_wconf 80' lang='grc' dir='ltr'><strong><em>φησίν·</em></strong></span> 
     </span>
    </p>

    <p class='ocr_par' dir='ltr' id='par_1_7' title="bbox 217 3062 1024 3152">
     <span class='ocr_line' id='line_1_34' title="bbox 217 3062 1024 3152; baseline -0.006 -15"><span class='ocrx_word' id='word_1_278' title='bbox 217 3071 265 3137; x_wconf 81' lang='lat' dir='ltr'>Ori</span> <span class='ocrx_word' id='word_1_279' title='bbox 288 3066 443 3134; x_wconf 78' lang='grc' dir='ltr'><strong><em>παύσεσθε</em></strong></span> <span class='ocrx_word' id='word_1_280' title='bbox 465 3064 571 3152; x_wconf 86' lang='grc' dir='ltr'><strong><em>φόνοιο</em></strong></span> <span class='ocrx_word' id='word_1_281' title='bbox 592 3067 612 3129; x_wconf 93' lang='grc' dir='ltr'><strong><em>δ</em></strong></span> <span class='ocrx_word' id='word_1_282' title='bbox 619 3064 799 3147; x_wconf 77' lang='grc' dir='ltr'><strong><em>υσηκόος,</em></strong></span> <span class='ocrx_word' id='word_1_283' title='bbox 823 3062 878 3129; x_wconf 74' lang='lat' dir='ltr'>otu</span> <span class='ocrx_word' id='word_1_284' title='bbox 900 3066 1024 3151; x_wconf 72' lang='grc' dir='ltr'><strong><em>ἐσορᾶτε</em></strong></span> 
     </span>
    </p>

    <p class='ocr_par' dir='ltr' id='par_1_8' title="bbox 132 3145 857 3309">
     <span class='ocr_line' id='line_1_35' title="bbox 212 3145 857 3240; baseline -0.014 -17"><span class='ocrx_word' id='word_1_285' title='bbox 212 3153 375 3240; x_wconf 79' lang='grc' dir='ltr'><strong><em>Ἀλλήλοος</em></strong></span> <span class='ocrx_word' id='word_1_286' title='bbox 395 3151 559 3228; x_wconf 82' lang='grc' dir='ltr'><strong><em>δάπτοντες</em></strong></span> <span class='ocrx_word' id='word_1_287' title='bbox 580 3148 736 3237; x_wconf 64' lang='grc' dir='ltr'><strong><em>ἀκηδείῃσι</em></strong></span> <span class='ocrx_word' id='word_1_288' title='bbox 756 3145 838 3214; x_wconf 88' lang='grc' dir='ltr'><strong><em>νόοιο</em></strong></span> <span class='ocrx_word' id='word_1_289' title='bbox 845 3177 857 3233; x_wconf 85' lang='grc'>,·</span> 
     </span>
     <span class='ocr_line' id='line_1_36' title="bbox 132 3244 683 3309; baseline -0.009 0"><span class='ocrx_word' id='word_1_290' title='bbox 132 3244 183 3309; x_wconf 79' lang='grc' dir='ltr'><strong><em>καλ</em></strong></span> <span class='ocrx_word' id='word_1_291' title='bbox 680 3244 683 3249; x_wconf 72' lang='grc'><strong><em>’</em></strong></span> 
     </span>
    </p>

    <p class='ocr_par' dir='ltr' id='par_1_9' title="bbox 218 3314 1147 3406">
     <span class='ocr_line' id='line_1_37' title="bbox 218 3314 1147 3406; baseline -0.005 -20"><span class='ocrx_word' id='word_1_292' title='bbox 218 3320 357 3406; x_wconf 73' lang='grc' dir='ltr'><strong><em>Μορφὴν</em></strong></span> <span class='ocrx_word' id='word_1_293' title='bbox 378 3318 410 3384; x_wconf 87' lang='grc' dir='ltr'>δ’</span> <span class='ocrx_word' id='word_1_294' title='bbox 434 3314 608 3394; x_wconf 80' lang='grc' dir='ltr'><strong><em>ἀλλάξαντα</em></strong></span> <span class='ocrx_word' id='word_1_295' title='bbox 630 3315 731 3399; x_wconf 74' lang='grc' dir='ltr'><strong><em>πατὴρ</em></strong></span> <span class='ocrx_word' id='word_1_296' title='bbox 754 3317 844 3402; x_wconf 83' lang='grc' dir='ltr'><strong><em>φόλον</em></strong></span> <span class='ocrx_word' id='word_1_297' title='bbox 864 3317 930 3382; x_wconf 76' lang='grc' dir='ltr'><strong><em>υἱὸν</em></strong></span> <span class='ocrx_word' id='word_1_298' title='bbox 951 3314 1055 3404; x_wconf 76' lang='grc' dir='ltr'><strong><em>ἀείρας</em></strong></span> <span class='ocrx_word' id='word_1_299' title='bbox 1143 3393 1147 3399; x_wconf 19' lang='lat' dir='ltr'>x</span> 
     </span>
    </p>

    <p class='ocr_par' dir='ltr' id='par_1_10' title="bbox 218 3399 1168 3492">
     <span class='ocr_line' id='line_1_38' title="bbox 218 3399 1168 3492; baseline -0.008 -20"><span class='ocrx_word' id='word_1_300' title='bbox 218 3408 332 3492; x_wconf 78' lang='grc' dir='ltr'><strong><em>Σφάζει</em></strong></span> <span class='ocrx_word' id='word_1_301' title='bbox 354 3400 567 3486; x_wconf 73' lang='grc' dir='ltr'><strong><em>ἐπευχόμενος,</em></strong></span> <span class='ocrx_word' id='word_1_302' title='bbox 587 3401 663 3486; x_wconf 66' lang='grc' dir='ltr'><strong><em>μέγα</em></strong></span> <span class='ocrx_word' id='word_1_303' title='bbox 685 3399 805 3483; x_wconf 82' lang='grc' dir='ltr'><strong><em>νήπιος·</em></strong></span> <span class='ocrx_word' id='word_1_304' title='bbox 833 3403 861 3467; x_wconf 81' lang='grc' dir='ltr'>οἶ</span> <span class='ocrx_word' id='word_1_305' title='bbox 883 3401 914 3466; x_wconf 74' lang='grc' dir='ltr'>δ’</span> <span class='ocrx_word' id='word_1_306' title='bbox 938 3405 1168 3488; x_wconf 74' lang='grc' dir='ltr'><strong><em>ἔπορεῦνται</em></strong></span> 
     </span>
    </p>

    <p class='ocr_par' dir='ltr' id='par_1_11' title="bbox 218 3482 1191 3571">
     <span class='ocr_line' id='line_1_39' title="bbox 218 3482 1191 3571; baseline -0.004 -17"><span class='ocrx_word' id='word_1_307' title='bbox 218 3489 464 3571; x_wconf 89' lang='grc' dir='ltr'><strong><em>Λισσόμενον</em></strong></span> <span class='ocrx_word' id='word_1_308' title='bbox 489 3484 631 3562; x_wconf 79' lang='grc' dir='ltr'><strong><em>θύοντες·</em></strong></span> <span class='ocrx_word' id='word_1_309' title='bbox 664 3483 680 3549; x_wconf 80' lang='grc' dir='ltr'><strong>ὅ</strong></span> <span class='ocrx_word' id='word_1_310' title='bbox 703 3487 737 3550; x_wconf 77' lang='grc' dir='ltr'>δὲ</span> <span class='ocrx_word' id='word_1_311' title='bbox 758 3482 965 3569; x_wconf 75' lang='grc' dir='ltr'><strong><em>νῆκουστος</em></strong></span> <span class='ocrx_word' id='word_1_312' title='bbox 986 3483 1191 3569; x_wconf 72' lang='grc' dir='ltr'><strong><em>ὁμοκλέαιν.</em></strong></span> 
     </span>
    </p>

    <p class='ocr_par' dir='ltr' id='par_1_12' title="bbox 190 3568 1093 3662">
     <span class='ocr_line' id='line_1_40' title="bbox 190 3568 1093 3662; baseline -0.004 -23"><span class='ocrx_word' id='word_1_313' title='bbox 190 3617 193 3623; x_wconf 91' lang='grc'>-</span> <span class='ocrx_word' id='word_1_314' title='bbox 221 3574 381 3662; x_wconf 79' lang='grc' dir='ltr'><strong><em>Σφάξας</em></strong></span> <span class='ocrx_word' id='word_1_315' title='bbox 403 3572 433 3637; x_wconf 78' lang='grc' dir='ltr'>δ’</span> <span class='ocrx_word' id='word_1_316' title='bbox 458 3573 491 3637; x_wconf 75' lang='grc' dir='ltr'><strong><em>ἐν</em></strong></span> <span class='ocrx_word' id='word_1_317' title='bbox 509 3568 667 3656; x_wconf 88' lang='grc' dir='ltr'><strong><em>μεγάροισι</em></strong></span> <span class='ocrx_word' id='word_1_318' title='bbox 687 3571 788 3652; x_wconf 79' lang='grc' dir='ltr'><strong><em>κακὴν·</em></strong></span> <span class='ocrx_word' id='word_1_319' title='bbox 804 3569 968 3656; x_wconf 87' lang='grc' dir='ltr'><strong><em>άλεγόνατο</em></strong></span> <span class='ocrx_word' id='word_1_320' title='bbox 991 3574 1093 3636; x_wconf 83' lang='grc' dir='ltr'><strong><em>δαῖτα.</em></strong></span> 
     </span>
    </p>

    <p class='ocr_par' dir='ltr' id='par_1_13' title="bbox 215 3653 1095 3740">
     <span class='ocr_line' id='line_1_41' title="bbox 215 3653 1095 3740; baseline -0.007 -13"><span class='ocrx_word' id='word_1_321' title='bbox 215 3659 324 3737; x_wconf 73' lang='grc' dir='ltr'><strong><em>Ὡς,δ’</em></strong></span> <span class='ocrx_word' id='word_1_322' title='bbox 350 3660 450 3733; x_wconf 80' lang='grc' dir='ltr'><strong><em>αδτως</em></strong></span> <span class='ocrx_word' id='word_1_323' title='bbox 471 3655 574 3740; x_wconf 69' lang='grc' dir='ltr'><strong><em>πατέρ’</em></strong></span> <span class='ocrx_word' id='word_1_324' title='bbox 598 3654 663 3730; x_wconf 74' lang='grc' dir='ltr'><strong><em>υἱὸς</em></strong></span> <span class='ocrx_word' id='word_1_325' title='bbox 685 3653 760 3718; x_wconf 73' lang='grc' dir='ltr'><strong><em>ἑλὼν</em></strong></span> <span class='ocrx_word' id='word_1_326' title='bbox 781 3659 829 3718; x_wconf 78' lang='grc' dir='ltr'><strong><em>καὶ</em></strong></span> <span class='ocrx_word' id='word_1_327' title='bbox 851 3657 970 3738; x_wconf 74' lang='grc' dir='ltr'><strong><em>μητῖρα</em></strong></span> <span class='ocrx_word' id='word_1_328' title='bbox 991 3659 1095 3732; x_wconf 86' lang='grc' dir='ltr'><strong><em>παῖδες</em></strong></span> 
     </span>
    </p>

    <p class='ocr_par' dir='ltr' id='par_1_14' title="bbox 138 3738 1305 4317">
     <span class='ocr_line' id='line_1_42' title="bbox 225 3738 1146 3826; baseline -0.009 -16"><span class='ocrx_word' id='word_1_329' title='bbox 225 3746 334 3826; x_wconf 84' lang='grc' dir='ltr'><strong><em>Θυμδν</em></strong></span> <span class='ocrx_word' id='word_1_330' title='bbox 354 3743 639 3826; x_wconf 74' lang='grc' dir='ltr'><strong><em>ἀπορραῖσαντε</em></strong></span> <span class='ocrx_word' id='word_1_331' title='bbox 666 3743 757 3823; x_wconf 84' lang='grc' dir='ltr'><strong><em>φίλας</em></strong></span> <span class='ocrx_word' id='word_1_332' title='bbox 779 3739 857 3803; x_wconf 83' lang='grc' dir='ltr'><strong><em>κατά</em></strong></span> <span class='ocrx_word' id='word_1_333' title='bbox 878 3738 995 3825; x_wconf 88' lang='grc' dir='ltr'><strong><em>σάρκας</em></strong></span> <span class='ocrx_word' id='word_1_334' title='bbox 1015 3740 1146 3806; x_wconf 71' lang='grc' dir='ltr'><strong><em>ἔδουσιν.</em></strong></span> 
     </span>
     <span class='ocr_line' id='line_1_43' title="bbox 138 3816 1301 3913; baseline -0.01 -16"><span class='ocrx_word' id='word_1_335' title='bbox 138 3831 184 3903; x_wconf 89' lang='lat' dir='ltr'>lta</span> <span class='ocrx_word' id='word_1_336' title='bbox 205 3832 283 3895; x_wconf 92' lang='lat' dir='ltr'>enim</span> <span class='ocrx_word' id='word_1_337' title='bbox 304 3830 377 3893; x_wconf 86' lang='lat' dir='ltr'>haec</span> <span class='ocrx_word' id='word_1_338' title='bbox 405 3825 588 3892; x_wconf 89' lang='lat' dir='ltr'>emendanda</span> <span class='ocrx_word' id='word_1_339' title='bbox 613 3845 729 3888; x_wconf 90' lang='lat' dir='ltr'>censeo.</span> <span class='ocrx_word' id='word_1_340' title='bbox 771 3823 871 3910; x_wconf 85' lang='lat' dir='ltr'>ltaque</span> <span class='ocrx_word' id='word_1_341' title='bbox 893 3825 1000 3892; x_wconf 85' lang='lat' dir='ltr'>Crates</span> <span class='ocrx_word' id='word_1_342' title='bbox 1027 3825 1187 3913; x_wconf 88' lang='lat' dir='ltr'>simplicem</span> <span class='ocrx_word' id='word_1_343' title='bbox 1217 3816 1301 3886; x_wconf 86' lang='lat' dir='ltr'>illam</span> 
     </span>
     <span class='ocr_line' id='line_1_44' title="bbox 140 3899 1302 3998; baseline -0.012 -16"><span class='ocrx_word' id='word_1_344' title='bbox 140 3928 171 3981; x_wconf 90' lang='lat' dir='ltr'>et</span> <span class='ocrx_word' id='word_1_345' title='bbox 196 3918 311 3981; x_wconf 87' lang='lat' dir='ltr'>beatam</span> <span class='ocrx_word' id='word_1_346' title='bbox 331 3914 441 3993; x_wconf 82' lang='lat' dir='ltr'>vitam,</span> <span class='ocrx_word' id='word_1_347' title='bbox 468 3932 552 3996; x_wconf 89' lang='lat' dir='ltr'>quam</span> <span class='ocrx_word' id='word_1_348' title='bbox 575 3908 732 3992; x_wconf 89' lang='lat' dir='ltr'>antiquitus</span> <span class='ocrx_word' id='word_1_349' title='bbox 759 3908 892 3974; x_wconf 91' lang='lat' dir='ltr'>homines</span> <span class='ocrx_word' id='word_1_350' title='bbox 914 3913 949 3976; x_wconf 91' lang='lat' dir='ltr'>de</span> <span class='ocrx_word' id='word_1_351' title='bbox 974 3913 1034 3975; x_wconf 89' lang='lat' dir='ltr'>isse</span> <span class='ocrx_word' id='word_1_352' title='bbox 1061 3899 1302 3998; x_wconf 81' lang='lat' dir='ltr'>perhibebantur,</span> 
     </span>
     <span class='ocr_line' id='line_1_45' title="bbox 143 3934 1304 4080; baseline -0.012 -14"><span class='ocrx_word' id='word_1_353' title='bbox 143 4008 308 4066; x_wconf 81' lang='lat' dir='ltr'>revocatum</span> <span class='ocrx_word' id='word_1_354' title='bbox 331 3998 369 4062; x_wconf 90' lang='lat' dir='ltr'>iri</span> <span class='ocrx_word' id='word_1_355' title='bbox 390 3996 506 4077; x_wconf 88' lang='lat' dir='ltr'>docuit,</span> <span class='ocrx_word' id='word_1_356' title='bbox 532 3994 583 4057; x_wconf 95' lang='lat' dir='ltr'>ubi</span> <span class='ocrx_word' id='word_1_357' title='bbox 603 3992 726 4080; x_wconf 92' lang='lat' dir='ltr'>primum</span> <span class='ocrx_word' id='word_1_358' title='bbox 748 3993 784 4057; x_wconf 88' lang='lat' dir='ltr'>ad</span> <span class='ocrx_word' id='word_1_359' title='bbox 805 3995 940 4061; x_wconf 87' lang='lat' dir='ltr'>virtutem</span> <span class='ocrx_word' id='word_1_360' title='bbox 952 3934 1200 4076; x_wconf 63' lang='lat' dir='ltr'>honestatemque</span> <span class='ocrx_word' id='word_1_361' title='bbox 1221 4011 1304 4054; x_wconf 80' lang='lat' dir='ltr'>meu·</span> 
     </span>
     <span class='ocr_line' id='line_1_46' title="bbox 144 4073 1303 4166; baseline -0.011 -16"><span class='ocrx_word' id='word_1_362' title='bbox 144 4092 188 4149; x_wconf 91' lang='lat' dir='ltr'>tes</span> <span class='ocrx_word' id='word_1_363' title='bbox 214 4084 364 4149; x_wconf 88' lang='lat' dir='ltr'>hominum</span> <span class='ocrx_word' id='word_1_364' title='bbox 385 4081 496 4144; x_wconf 86' lang='lat' dir='ltr'>luerint</span> <span class='ocrx_word' id='word_1_365' title='bbox 516 4088 684 4143; x_wconf 87' lang='lat' dir='ltr'>revocatae:</span> <span class='ocrx_word' id='word_1_366' title='bbox 726 4097 766 4140; x_wconf 86' lang='lat' dir='ltr'>ex</span> <span class='ocrx_word' id='word_1_367' title='bbox 787 4080 884 4166; x_wconf 87' lang='lat' dir='ltr'>ampla</span> <span class='ocrx_word' id='word_1_368' title='bbox 911 4081 967 4145; x_wconf 91' lang='lat' dir='ltr'>bac</span> <span class='ocrx_word' id='word_1_369' title='bbox 992 4079 1088 4143; x_wconf 81' lang='lat' dir='ltr'>deseri</span> <span class='ocrx_word' id='word_1_370' title='bbox 1109 4076 1188 4141; x_wconf 89' lang='lat' dir='ltr'>tione</span> <span class='ocrx_word' id='word_1_371' title='bbox 1208 4073 1303 4138; x_wconf 79' lang='lat' dir='ltr'>Athe·</span> 
     </span>
     <span class='ocr_line' id='line_1_47' title="bbox 145 4098 1305 4317; baseline -0.015 -82"><span class='ocrx_word' id='word_1_372' title='bbox 145 4189 236 4317; x_wconf 74' lang='lat' dir='ltr'>qqeqs</span> <span class='ocrx_word' id='word_1_373' title='bbox 269 4168 342 4234; x_wconf 89' lang='lat' dir='ltr'>duas</span> <span class='ocrx_word' id='word_1_374' title='bbox 369 4166 505 4251; x_wconf 84' lang='lat' dir='ltr'>insignes</span> <span class='ocrx_word' id='word_1_375' title='bbox 547 4159 687 4246; x_wconf 83' lang='lat' dir='ltr'>reliquias</span> <span class='ocrx_word' id='word_1_376' title='bbox 720 4164 851 4228; x_wconf 88' lang='lat' dir='ltr'>servavit</span> <span class='ocrx_word' id='word_1_377' title='bbox 880 4161 935 4233; x_wconf 83' lang='lat' dir='ltr'>vl.</span> <span class='ocrx_word' id='word_1_378' title='bbox 956 4186 984 4255; x_wconf 91' lang='lat' dir='ltr'>p.</span> <span class='ocrx_word' id='word_1_379' title='bbox 1004 4165 1069 4230; x_wconf 76' lang='lat'>267</span> <span class='ocrx_word' id='word_1_380' title='bbox 1088 4098 1133 4230; x_wconf 74' lang='lat' dir='ltr'>h:</span> <span class='ocrx_word' id='word_1_381' title='bbox 1175 4154 1305 4244; x_wconf 81' lang='grc' dir='ltr'><strong><em>Κράτης</em></strong></span> 
     </span>
    </p>

    <p class='ocr_par' dir='ltr' id='par_1_15' title="bbox 178 4272 1340 4339">
     <span class='ocr_line' id='line_1_48' title="bbox 178 4272 1340 4339; baseline 0.003 -4"><span class='ocrx_word' id='word_1_382' title='bbox 178 4278 216 4339; x_wconf 72' lang='grc' dir='ltr'>’λθ</span> <span class='ocrx_word' id='word_1_383' title='bbox 230 4272 290 4328; x_wconf 67' lang='lat'>⁰⁸⁶⁹</span> <span class='ocrx_word' id='word_1_384' title='bbox 1336 4280 1340 4287; x_wconf 83' lang='lat'>&#39;</span> 
     </span>
    </p>
   </div>
   <div class='ocr_carea' id='block_1_3' title="bbox 0 0 1428 4792">
    <p class='ocr_par' dir='ltr' id='par_1_16' title="bbox 0 0 1428 4792">
     <span class='ocr_line' id='line_1_49' title="bbox 0 0 1428 4792; baseline 0 0"><span class='ocrx_word' id='word_1_385' title='bbox 0 0 1428 4792; x_wconf 95' lang='lat' dir='ltr'> </span> 
     </span>
    </p>
   </div>
  </div>
 </body>
</html>
