2760 4792
147 236 192 308 64
370 308 373 317 ,
505 235 931 313 ‚COMMENTATIONES

146 406 233 559 ῳίρρι
259 404 338 493 πρός
350 404 458 557 3ιὲόῆτδν
484 408 601 495 αἰσχρῷ
623 403 722 495 ῖρωτι.
768 406 906 476 Eundem
931 409 1149 499 Hieronymum
1168 413 1267 502 tangit
1287 413 1321 479 iu

179 516 194 557 ⁰
216 515 330 657 ἢῗίαβγί
353 574 384 639 δ’
409 577 486 657 ἐμοῦ
501 573 537 684 μ’
561 574 646 640 ἕνεκα
667 573 744 662 παρ’
762 573 946 664 Ἱερωνόμου
1214 550 1219 559 ¹

233 657 599 744 Σκοτοδασυπυκνοτριχό
621 662 679 725 τιν’
695 659 812 738 ’Ἀΐδος
832 669 934 746 κυνῆν.

149 747 200 812 ubi
221 745 337 811 Schol:
385 737 485 823 Οὗτος
506 741 522 810 ό
545 742 725 830 Ἱερώνυμος
750 753 853 829 μελῶν
873 750 937 813 ἐστὶ
965 746 1094 831 ποιητῆς
1119 751 1169 812 καὶ
1195 772 1321 836 τραχῳ·

151 829 276 906 δοποιδς
301 824 464 911 ἀνώμαλος
489 833 540 895 καὶ
568 829 804 914 ἀνοικονόμητος
832 832 883 896 διὰ
908 832 944 898 τό
973 831 1051 917 ι’ίγαν
1072 835 1223 913 ἐμπαθεῖς
1242 830 1322 921 χρῶ·

149 941 217 1002 φειν
236 910 399 991 ὑποθέσεις
421 919 471 979 καὶ
494 922 638 1002 φοβεροῖς
658 918 859 1025 προσωπείοις
877 923 1032 1002 χρῆσθαι·
1067 916 1164 982 έδόκει
1184 919 1219 983 δὲ
1245 944 1322 1001 κρο-Ι

150 1005 286 1065 τεῖσθαι·
321 1001 511 1089 ἐκωμῳδεῖτο
534 1002 567 1064 δὲ
589 997 631 1077 ῶς
651 1027 731 1065 πονο
753 1008 866 1083 κομῶν.
889 1001 993 1090 διόπερ
1008 999 1124 1079 ’Ἄϊδος
1144 1009 1237 1088 κυνῆν
1256 1003 1319 1090 ἔφη

130 1083 253 1162 αὐτόν,
275 1087 385 1161 παίξας
407 1091 546 1167 κωμικῶς
566 1084 619 1149 τὸν
639 1091 818 1170 κουριῶντα.
1210 1118 1215 1126 ·

234 1171 285 1236 Ad
307 1170 440 1235 Thurios
469 1171 571 1234 urbem
598 1171 787 1236 referendum
807 1176 877 1261 puto
899 1173 986 1236 etiam
1007 1171 1087 1237 ahud
1107 1172 1319 1261 fragmentum,

149 1256 227 1343 quud
249 1256 380 1320 servavit
399 1255 520 1319 Pollux.
540 1253 595 1319 IX.
617 1255 672 1320 98:
711 1253 756 1318 ‘H
774 1256 808 1319 δὲ
829 1255 881 1319 διὰ
908 1262 1029 1320 πολλῶν
1054 1253 1172 1343 φῆφων
1197 1255 1318 1337 παιδιά,

150 1343 293 1404 πλινθίον
321 1342 385 1404 ἐστὶ
414 1335 520 1424 χώρας
546 1341 578 1403 ἓν
604 1350 762 1423 γραμμαῖς
788 1339 856 1422 έχον
885 1341 1090 1422 διακειμένας·
1131 1343 1183 1406 καλ
1204 1340 1240 1405 τό
1261 1341 1319 1423 μίν

150 1427 292 1490 πλινθίον
318 1430 451 1488 καλεῖται
474 1420 577 1499 πόλις·
604 1430 665 1488 τῶν
687 1425 721 1488 δὲ
741 1421 859 1510 φῆφων
880 1423 991 1508 ἑκάστη
997 1474 1007 1503 ,
1035 1423 1131 1488 κόων·
1148 1432 1151 1438 ’
1170 1424 1319 1512 διῃρημέ-

150 1535 211 1575 νων
233 1509 267 1573 δὲ
287 1509 327 1584 εἷς
350 1505 406 1573 δόο
427 1514 490 1573 τῶν
509 1505 627 1594 ψῆφων
648 1508 727 1573 κατδ
752 1509 809 1585 τὰς
826 1507 940 1595 χρόας,
967 1507 985 1590 ῆ
1008 1510 1095 1591 τέχνη
1117 1515 1171 1592 τῆς
1192 1514 1320 1589 παιδιᾶς

150 1594 215 1659 έστι
236 1589 397 1678 περιλῆφει
418 1599 479 1658 τῶν
500 1589 556 1657 δόο
577 1589 697 1679 ψῆφων
718 1590 882 1682 ὁμοχρόων·
892 1595 946 1680 τῆν
967 1590 1152 1682 ἓτεροχρόων
1173 1594 1321 1684 druentia

149 1677 223 1744 ὅθεν
243 1681 294 1742 καὶ
315 1678 461 1766 Κρατίνῳ
483 1679 661 1742 πέπαικται·
1310 1678 1315 1689 “

232 1766 424 1828 Πανδιονίδα
435 1758 560 1839 ’πόλεως
580 1768 708 1845 βασιλεῦ

236 1854 302 1930 Τῆς
324 1847 524 1934 ἐριβώλακος,
548 1846 633 1914 οἷσθ’
657 1848 695 1933 ῆν
715 1847 848 1935 λέγομεν,

224 1937 306 2013 ,Καὶι
322 1933 398 1998 κόνιν
420 1936 470 1997 καί
492 1932 580 1999 πόλιν
600 1932 637 2016 ῆν
658 1937 825 2012 παίζουσιν.

149 2018 244 2086 Recte
255 2018 408 2083 Bentleius
420 2024 547 2100 βασιλεῖ
558 2040 611 2108 pro
623 2021 764 2085 librorum
775 2020 920 2107 scriptura
929 2016 1074 2098 βασιλεὺς
1084 2017 1243 2100 substituit,
1255 2038 1319 2087 nun

151 2111 231 2169 recte
244 2102 437 2188 ἓρικώλακος,
460 2126 524 2168 cum
539 2111 568 2166 et
583 2102 757 2188 έρικόλακος
770 2110 799 2167 et
811 2100 996 2187 ἐριβώλακος
1007 2104 1159 2189 legeretur
1168 2104 1200 2167 in
1221 2102 1319 2171 libris.

151 2189 229 2254 Nam
251 2190 399 2270 ἓρικῶλαξ
419 2188 500 2251 nullo
521 2193 605 2274 pacto
628 2209 735 2274 graece
757 2188 815 2251 dici
830 2195 927 2275 potest
947 2209 1001 2275 pro
1023 2185 1176 2269 ἐρικόλαξι
1198 2194 1245 2253 est
1265 2186 1318 2253 au2

152 2279 211 2338 tem
238 2273 430 2359 aptissimum,
451 2271 585 2335 Thurios
611 2279 731 2359 propter
751 2272 808 2337 soli
828 2273 989 2336 ubertatem
1010 2271 1248 2357 affluentiamque
1268 2292 1319 2338 re·

152 2379 217 2424 rum
244 2359 372 2421 omnium
399 2356 456 2420 dici
477 2351 650 2440 ἐριβώλακα
672 2352 776 2419 πόλιν·
819 2357 1020 2420 Pandionides
1042 2362 1154 2438 antem,
1191 2356 1241 2442 qui
1260 2376 1318 2423 rex

151 2443 233 2511 urbis
254 2448 390 2522 vocatur,
411 2447 461 2504 aut
480 2441 492 2504 i
512 2463 544 2505 se
566 2448 613 2505 est
632 2463 669 2529 po
690 2441 755 2504 ulus
782 2439 994 2523 Atheniensis,
1027 2448 1077 2504 aut
1104 2462 1180 2505 unus
1210 2441 1317 2528 aliquis

152 2549 192 2592 cx
223 2527 420 2592 conditoribus
452 2464 551 2607 urhis,
583 2527 631 2611 qui
681 2525 846 2591 andionidis
872 2527 965 2590 trihus
986 2526 1051 2590 suit.
1094 2525 1156 2590 Sed
1176 2527 1251 2590 haec
1271 2526 1319 2591 lu·

150 2619 217 2678 teor
236 2613 363 2676 incerta:
395 2632 517 2699 prorsus
539 2617 635 2675 autem
656 2612 826 2693 obscurum,
854 2626 992 2697 quorsum
1012 2616 1124 2698 spectet
1145 2630 1317 2675 commemo-

150 2698 227 2762 ratio
246 2697 309 2761 ludi
328 2696 572 2760 latrunculorum:
600 2717 668 2760 nam
690 2717 869 2844 οοῳιοῳιοαι
890 2697 932 2759 ita
953 2703 999 2761 est
1018 2694 1099 2760 locus
1120 2694 1319 2783 interpretare·-

152 2783 224 2863 dus,
246 2803 280 2846 ac
301 2781 328 2845 si
349 2781 460 2845 Thurii
480 2787 616 2865 tanquam
637 2781 716 2845 illius
751 2781 801 2844 udi
822 2780 946 2846 studiosi
959 2786 1116 2860 vexentur,
1137 2779 1190 2844 sed
1210 2778 1317 2845 ludicri

151 2866 272 2953 quidet
296 2866 397 2930 festivi
423 2867 545 2929 subesse
572 2865 681 2929 indicat
707 2866 771 2955 ipse
791 2865 917 2947 Pollux,
952 2887 1016 2929 cum
1044 2864 1128 2928 dicit:
1165 2861 1242 2928 ὅθεν
1264 2864 1317 2929 nui

152 2952 297 3037 Κρατίνῳ
324 2950 501 3015 πέπαικταιι
562 2970 599 3013 uo
626 2950 716 3014 verbo
739 2951 922 3037 grammatici
944 2951 1048 3035 ubique
1070 2948 1242 3035 significant
1262 2947 1318 3013 ali·
1369 3006 1372 3013 .

151 3036 221 3122 quid
242 3059 260 3100 a
281 3036 398 3100 comicis
420 3035 527 3100 comice
544 2971 656 3099 hictum
677 3036 812 3100 fictumve
839 3057 919 3100 esse:
952 3034 994 3099 ita
1017 3033 1129 3098 Pollux
1149 3054 1239 3122 supra
1260 3030 1317 3099 ΠΙ.

150 3121 226 3188 109:
264 3115 303 3184 ‘O
329 3115 501 3196 Εὐπόλιδος
521 3115 657 3194 πλούταξ
676 3120 848 3184 πέπαικται.
889 3119 1061 3205 Hesychius
1086 3114 1228 3182 Δοκικῶ·
1249 3115 1317 3182 ἀντὶ

150 3211 206 3270 ποῶ
233 3201 343 3271 Λοκώ·
375 3203 477 3280 έπαιξε
509 3203 543 3267 δὲ
571 3200 744 3290 Ἕρμιππος
770 3206 802 3269 ἐν
823 3203 1064 3289 Ἀρτοπώλισιν.
1098 3211 1128 3267 et
1148 3204 1192 3267 sie
1211 3222 1317 3305 saepe·

151 3312 283 3358 numero.
325 3289 469 3355 Fortasse
488 3287 628 3356 Cratinus
649 3290 743 3354 voluit
763 3289 949 3370 discordiam,
971 3310 1044 3374 quae
1066 3287 1250 3352 Thuriorum
1270 3308 1317 3371 ur·-¹

151 3377 231 3441 colas
244 3377 409 3458 vexaverit,
431 3375 616 3464 significare:
637 3374 726 3439 Plato
744 3381 823 3439 certe
843 3397 904 3439 non
925 3374 1037 3462 dispari
1057 3393 1180 3461 prorsus
1200 3372 1319 3436 ratione

150 3460 184 3526 in
197 3460 286 3527 civit.
302 3460 356 3530 IV.
372 3482 401 3548 p.
418 3458 491 3526 423.
512 3457 552 3524 A.
567 3459 656 3525 dixit:
684 3456 816 3542 Ἑκοίστη
837 3459 896 3546 γὰρ
918 3459 1020 3523 αὐτῶν
1041 3454 1142 3533 πόλεις
1162 3458 1222 3522 εἰσί
1232 3451 1318 3538 πόμ-

151 3550 261 3610 πολλοι
268 3594 277 3623 ,
300 3544 370 3609 ἀλλ’
394 3543 431 3609 οὗ
453 3540 548 3622 πόλις,
569 3544 605 3609 τὸ
631 3548 693 3608 τῶν
713 3541 890 3623 παιζόντων.
913 3545 963 3608 ubi
984 3542 1100 3608 Schola
1122 3535 1226 3618 πόλεις
1242 3540 1318 3605 παί-

151 3632 210 3709 ζειν
231 3627 309 3706 εδδός
330 3632 393 3694 ἔστι
415 3635 605 3713 πεττευτικῆς
625 3631 759 3706 παιδιᾶς·
780 3635 926 3712 μετῆκται
947 3628 1052 3692 δὲκαὶ
1074 3629 1115 3701 είς
1136 3627 1315 3711 παροιμίαν.

152 3713 202 3782 cf.
243 3722 377 3780 raeterea
388 3715 570 3801 Hesychius,
591 3715 641 3800 qui
652 3714 735 3779 dicit:
757 3710 898 3790 Πόλεις
917 3713 1086 3789 παίζειν·
1100 3712 1315 3792 παροιμιῶδες.

150 3803 201 3864 καὶ
222 3737 310 3866 δοκεῖ
323 3802 541 3884 μετενηνέχθαι
561 3797 623 3864 ἀπὸ
633 3805 694 3863 τῶν
705 3807 773 3875 ταῖς
785 3795 906 3886 ψῆφοις
916 3794 1093 3876 παιζόντων,
1116 3804 1184 3873 ταῖς
1194 3792 1316 3879 λεγομέ-

148 3909 216 3962 ναις
235 3891 290 3952 νῦν
309 3886 365 3966 μέν
383 3881 513 3971 χώραις,
534 3885 602 3949 τοτὲ
624 3885 657 3948 δὲ
676 3880 804 3949 Πόλεσι.

232 3969 284 4036 Ad
313 3971 432 4035 chorum
458 3969 665 4057 Fugitivarum
689 3969 806 4033 videtur
832 3968 920 4032 etiam
950 3966 1002 4031 ille
1027 3986 1133 4031 versus
1153 3966 1316 4054 pertinere,

148 4075 232 4141 quem
254 4056 385 4120 servavit
404 4053 578 4120 Athenaeus
598 4053 652 4120 XI.
678 4076 707 4141 p.
728 4053 800 4119 501.
821 4052 863 4117 D.
884 4052 991 4138 abique
1014 4050 1219 4119 Grammaticis

232 4141 370 4222 Δέχεσθε
392 4135 505 4224 φιάλας
526 4135 636 4205 τοόσδε
655 4135 953 4224 βαλανειομφάλους.

147 4243 223 4311 quae
248 4226 340 4293 verba
372 4225 501 4290 loemse
530 4229 598 4289 sunt
624 4223 703 4290 Lam
723 4222 806 4305 onis,
849 4223 900 4308 qui
946 4241 983 4286 uo
1011 4219 1072 4285 ritu
1100 4238 1186 4284 saera
1212 4224 1316 4283 esseut

148 4310 344 4402 perficienda,
365 4310 485 4379 chorum
504 4308 652 4377 monebat
693 4245 833 4377 denum
852 4307 904 4375 ille
921 4243 1072 4375 Athenaei
1091 4303 1174 4373 locus
1194 4323 1232 4405 eu
1252 4322 1315 4368 ma·
