2768 4770
106 199 174 269 ³⁰2
492 192 896 270 committebas

520 390 592 453 r„
614 414 627 435 .

663 472 690 485 ““
726 472 736 509 ί

514 504 550 519 *-
612 504 778 535 -u—-u
837 506 873 522 ⁸·-

108 574 232 646 qucrum
252 552 353 643 plnres
374 572 492 643 semper
512 504 685 645 copdlantur
704 576 786 623 more
798 504 1071 660 dllycpnecrnmita
1091 562 1126 625 ut
1144 562 1260 649 syrten

110 641 253 723 alliciant,
275 639 351 725 quod
372 640 553 727 componitur
572 662 663 707 uersu
684 643 748 709 eius
768 664 894 728 numeru,
915 662 973 731 quo
994 652 1112 711 consmt
1125 646 1261 737 postoris

108 748 181 819 pars
202 746 307 791 versus
328 724 499 816 Eupolidei:
559 824 569 855 a
597 812 619 824 -
687 812 713 825 .-

109 910 169 979 Est
189 912 283 1001 igitur
303 910 446 978 eiusmodi
466 918 597 999 systema
617 912 692 977 nihil
714 910 793 977 aliud
814 909 872 977 uisi
891 930 998 978 versus
1018 908 1200 1003 Eupolidem
1217 932 1262 1003 prs

108 998 237 1064 instituti
258 998 373 1062 ratione
394 1005 424 1061 et
445 1006 550 1062 natura
567 998 685 1087 saepius
700 998 823 1063 iteratus
843 996 1052 1101 etreplicatus.
1079 998 1119 1065 In
1137 998 1261 1089 panhsn'

110 1091 207 1148 antem
230 1103 304 1169 quae
325 1103 503 1170 praegressa
523 1089 569 1147 est
593 1091 679 1171 poeta
699 1084 889 1147 vehementer
914 1090 1048 1149 nnvectus
1069 1104 1140 1151 ease
1158 1082 1263 1151 videtu

111 1170 145 1234 in
165 1166 292 1249 iudiceS,
324 1167 372 1252 qui
398 1168 496 1255 priore
517 1189 594 1232 anno
617 1168 654 1232 de
675 1168 772 1253 aliqua
797 1167 889 1317 ippius
910 1168 1011 1233 fabula
1032 1168 1263 1235 sententiam-lu·

109 1253 218 1319 lissent
235 1252 387 1341 ipsumque
409 1258 516 1317 temere
539 1273 592 1317 suo
614 1254 801 1318 orbavissent
838 1274 942 1319 onum:
963 1254 1022 1319 iam
1043 1254 1079 1317 in
1099 1274 1198 1319 mauro
1214 1253 1263 1319 isit

109 1338 273 1403 orabonem
294 1336 438 1400 convertit
456 1336 493 1403 ad
512 1337 642 1421 iudices,
684 1340 733 1424 qui
759 1345 827 1403 tunc
847 1342 933 1403 erant
958 1337 1127 1423 cunsbtuti,
1167 1356 1264 1425 οοειριο

109 1430 230 1503 munet,
272 1428 305 1485 ut
335 1422 412 1486 iuste
444 1429 474 1485 et
498 1422 680 1488 iuriiurando
712 1423 920 1489 convenienter
949 1422 1049 1489 ferant
1082 1422 1263 1491 amtorem:

111 1506 224 1573 iudices
254 1506 331 1570 enim
359 1507 392 1571 in
418 1504 649 1574 solemnitatibus
670 1506 824 1574 Baccbiois
851 1509 937 1573 fidem
959 1507 1032 1573 dare
1057 1506 1219 1591 debebant,
1234 1526 1263 1575 οο

111 1614 151 1658 ex
171 1592 295 1657 veritate
316 1592 495 1656 iudicaturus
517 1613 596 1657 esse:
639 1594 739 1693 itaquo
764 1595 851 1658 etium
869 1591 1090 1683 Aristophanes
1118 1594 1153 1659 in
1172 1588 1264 1661 eade

112 1678 238 1744 rimosis
259 1698 288 1742 v.
310 1677 394 1741 1139
417 1676 536 1740 eosdem
556 1678 601 1742 his
623 1680 723 1743 verbus
745 1676 911 1768 compellati

307 1784 391 1850 Ἀλλ’
416 1782 536 1849 ἅπαντα
557 1793 654 1852 ταῦτα
672 1787 733 1870 χρὴ
753 1786 953 1871 μεμνημένοις

196 1871 257 1955 Μὴ
274 1869 436 1957 ’πιορκεῖν,
463 1869 541 1934 ἀλλὰ
563 1872 671 1956 κρίνειν
690 1872 763 1949 τούς
779 1870 892 1958 χοροὺς
912 1870 1018 1959 ὀρθῶς
1037 1868 1097 1939 ded·

109 1981 266 2048 Postremo
298 1989 394 2046 autem
420 1979 616 2046 Pherecrates
650 1981 687 2047 ud
717 1989 896 2085 spectatores
927 2002 962 2047 se
990 1982 1140 2049 convertit
1165 1996 1264 2069 οοοῃ

110 2069 294 2149 exhortatur,
315 2080 347 2131 ut
367 2066 394 2129 si
416 2066 465 2150 qui
487 2067 536 2130 siti
555 2066 701 2147 laborent,
719 2086 820 2132 sunum
841 2068 951 2132 bibunt.
969 2064 1041 2131 Mes
1058 2068 1140 2133 enirn
1159 2066 1266 2133 videtu

110 2154 269 2237 antiquitus
291 2150 418 2215 Athenis
440 2151 553 2231 luisse,
582 2158 614 2214 ut
634 2151 713 2214 inter
736 2153 817 2251 ipsos
842 2151 927 2216 ludos
953 2151 1105 2236 scenicus,
1138 2150 1266 2239 quonia

110 2237 143 2301 bi
165 2258 229 2301 cnm
250 2235 404 2300 Bacchicis
431 2235 663 2298 solemnitatibus
691 2236 917 2301 cunrunctissiml
938 2242 1040 2320 erant,
1073 2236 1266 2387 spectantibus

110 2323 212 2385 vinum
239 2320 444 2409 praeberetur:
486 2328 566 2383 recte
588 2320 757 2384 Runkelius
781 2321 959 2411 comparavit
977 2320 1086 2385 Pbilcc
1106 2319 1154 2387 ori
1173 2321 1268 2471 th

111 2407 161 2491 qui
187 2407 241 2470 hcs
269 2406 349 2493 ipsus
370 2405 559 2469 Pherecratis
587 2426 692 2469 versus
719 2408 864 2493 respexit,
906 2405 983 2496 apud
1003 2405 1195 2473 Athenaeum

110 2511 139 2579 p.
161 2488 225 2555 lul
246 2489 292 2573 F,
315 2490 365 2554 ubi
385 2490 458 2553 baec
478 2488 634 2577 leguntur:
651 2487 757 2571 Ἡμεῖς
778 2480 848 2573 οὗν,
866 2486 908 2565 ὡς
929 2493 980 2554 καί
1001 2487 1079 2574 παρ’
1097 2489 1267 2575 Ἀθηναίοις

109 2576 219 2659 ἐγίνετο
241 2572 307 2654 ἅμα
335 2571 521 2660 ἀκροώμενοι
548 2581 609 2638 τῶν
629 2579 838 2658 γελωτοποιῶν
863 2571 977 2640 τούτων
996 2577 1048 2639 sal
1067 2575 1189 2657 μίμων,
1228 2572 1267 2639 dm

110 2662 144 2726 δὲ
164 2666 226 2724 τῶν
247 2658 348 2723 ἄλλων
369 2664 509 2740 τεχνιτῶν
530 2655 737 2741 ὑποπίνωμεν·
758 2658 834 2742 λέγει
856 2654 1154 2745 complasmari
1178 2654 1268 2725 Φιλί-

108 2771 203 2829 χορος
225 2743 339 2809 οὑτωσί
344 2765 352 2782 ·
379 2743 559 2825 ,Ἀθηναῖοι
581 2753 645 2819 τοῖς
666 2745 882 2817 Διονυσιακοῖς
897 2744 995 2829 ἀγῶσι
1015 2743 1052 2811 τὸ
1073 2744 1131 2826 μίν
1152 2750 1269 2831 πρῶτον

109 2827 305 2917 ἠριστηκότες
330 2830 380 2891 καὶ
412 2826 581 2905 πεπωκότες
608 2827 749 2911 ἐβάδιζον
774 2830 822 2892 ἐπὶ
849 2825 907 2909 τὴν
927 2830 1007 2894 θίαν
1026 2832 1079 2893 κοί
1100 2824 1269 2917 ίοτεφονὸ-

108 2942 195 3000 μενοι
217 2912 387 2998 ἐθεώρουν,
408 2913 493 2998 παρὰ
516 2915 549 2978 dd
568 2913 621 2979 τὸν
642 2913 745 2998 ἀγῶνα
766 2909 866 2977 πάντα
888 2907 963 2991 οἶνος
983 2912 1090 2991 αὐτοῖς
1110 2912 1269 3003 ᾠνοχοεῖτο

110 3005 161 3068 καὶ
182 2996 364 3085 τραγήματα
386 2998 573 3085 παρεφέρετο
596 3001 646 3062 καί
667 3008 731 3075 τοῖς
752 3006 860 3081 χοροῖς
879 2998 1021 3065 sissinium
1041 2998 1162 3082 ἐνέχεον
1181 3000 1269 3065 udum

15 3170 17 3175 Ι
108 3088 160 3153 καί
187 3084 455 3171 διηγωνισαμίνοις
482 3081 529 3147 ὅτ’
553 3080 763 3168 ἐξεπορεύοντο
791 3082 906 3166 ίνίχεον
930 3081 1033 3149 πτίλον·
1051 3076 1271 3237 mmm

107 3168 229 3249 τούτοις
256 3173 307 3235 καὶ
336 3165 512 3255 Φερεκράτη
538 3169 591 3234 τὸν
618 3166 764 3251 κωμικόν,
795 3165 842 3232 ὅτι
866 3166 957 3255 μέχρι
977 3174 1034 3253 τῆς
1058 3168 1139 3235 καθ’

107 3255 227 3342 ἡλικίας
254 3256 310 3321 οὐκ
338 3257 462 3331 ἀσίτους
489 3251 562 3319 εἶναι
592 3254 665 3330 τούς
688 3258 894 3337 θεωροῦντας.
936 3252 988 3321 Ad
1010 3252 1138 3321 eundem
1163 3272 1270 3323 mort!

107 3343 297 3409 referendum
323 3349 410 3428 puto,
455 3342 531 3427 quod
558 3341 595 3406 de
620 3341 694 3405 Ione
719 3341 834 3426 magico
859 3343 949 3427 poeta
971 3346 1073 3405 ουτοι
1096 3339 1270 3405 Amemus

108 3429 134 3494 l.
155 3450 185 3518 p.
206 3427 227 3493 4
249 3428 294 3492 A:
312 3424 351 3491 ‘O
372 3429 405 3491 dd
424 3425 495 3490 Ἴων
515 3430 595 3502 Χίος
620 3426 795 3511 τραγῳδίαν
821 3419 948 3506 νικήσας
963 3420 1128 3511 Ἀθήνῃσιν
1155 3422 1270 3511 dudm

107 3520 170 3581 τῶν
186 3513 361 3596 Ἀθηναίων
378 3512 470 3577 ἔδωκε
480 3516 562 3577 Χῖον
582 3508 736 3596 κεράμιον.
758 3515 788 3575 et
802 3508 971 3574 Scholiasta
982 3507 1192 3599 Aristophanis
1202 3506 1271 3575 ΡΙ·

106 3622 137 3668 v.
157 3601 237 3667 835:
271 3600 349 3684 φασί
371 3598 404 3661 δὲ
425 3596 520 3661 αὐτὸν
541 3597 671 3680 (lenem)
699 3593 778 3677 ὁμοῦ
799 3591 998 3681 διθύραμβον
1021 3597 1073 3661 καὶ
1098 3592 1271 3683 τρπρρίίον

107 3685 334 3772 ἀγωνισάμενον
342 3679 491 3767 Ἀθήνῃσι
512 3686 563 3746 καί
579 3680 745 3764 νικήσαντα
765 3675 884 3767 ἑκάστῳ
905 3676 1146 3765 caniturarum
1168 3682 1272 3745 dudm

108 3778 190 3841 Χῖον
216 3767 360 3858 κεράμιον
389 3769 452 3853 (vel
477 3774 508 3832 ut
533 3775 580 3832 est
605 3768 638 3831 in
664 3766 727 3831 ced.
748 3764 877 3833 Veneto:
903 3762 1023 3839 εὐνοίας
1044 3760 1135 3851 pulpos
1161 3770 1273 3865 repulsa

108 3864 191 3925 Χῖον
202 3855 282 3922 οἶνον
297 3855 419 3937 πέμψαι
429 3852 629 3937 Ἀθηναίοις.)
650 3852 729 3918 unde
740 3856 862 3940 apparet
879 3850 966 3914 etiam
981 3848 1117 3948 privatos
1126 3848 1272 3933 helam,

107 3946 159 4011 ubi
179 3946 212 4008 in
233 3942 280 4006 his
302 3940 379 4006 ludis
401 3939 526 4004 scenicis
547 3939 700 4019 uicissent,
719 3934 825 4026 pupule
848 3933 991 4000 eiusmodr
1005 3952 1128 3999 munera
1147 3932 1271 4025 largitat

108 4052 191 4109 esse3
215 4030 275 4092 nisi
285 4029 363 4092 forte
374 4026 440 4107 Ion,
456 4025 523 4089 dum
544 4024 638 4112 ipsius
659 4021 832 4110 tragoediae
852 4020 885 4084 in
905 4039 995 4085 scena
1015 4023 1189 4107 agerem

108 4115 285 4195 stateribus,
311 4119 344 4176 ut
370 4132 471 4176 eorum
497 4111 624 4196 gratiam
652 4108 710 4173 sibi
735 4105 921 4188 conciliaret,
946 4105 1049 4169 vinum
1074 4122 1096 4193 p

108 4200 231 4268 curavit
272 4198 313 4263 Et
339 4198 376 4262 ab
402 4197 459 4261 boc
485 4216 567 4260 mure
595 4193 682 4258 etiam
708 4191 813 4257 Aristo
832 4190 927 4255 banos
951 4187 1120 4279 proiecisse
1147 4187 1272 4271 sidon,

106 4287 159 4356 ubi
183 4284 311 4377 lepidam
332 4280 577 4372 comparationem
596 4278 740 4361 instituit,
759 4278 793 4343 in
811 4212 924 4364 braia
942 4294 975 4343 ν.
992 4270 1076 4357 5413
1101 4290 1271 4363 qunque!
