2760 4792
150 224 194 295 28
540 162 944 295 commemorns

151 394 213 462 Sed
239 414 334 478 nequo
351 392 534 460 -Athenoeus
559 415 656 481 neque
675 393 787 461 Pollux
808 394 881 460 satis
902 399 984 460 recto
1005 393 1145 464 hocloco
1166 399 1214 464 nei
1235 405 1321 465 sunt:

151 481 227 547 ulter
248 479 325 544 enim
346 479 472 567 probaro
494 479 570 562 vult,
605 475 755 559 ὠμόλινον
776 501 844 544 esse
866 480 1003 563 linteum,
1038 501 1094 579 quo
1117 503 1220 549 manus
1242 484 1323 551 inter

150 586 270 630 coenam
297 564 538 650 abstergeantur,
574 564 650 628 alter
669 564 791 629 linteum
811 565 1000 652 interpretari
1029 567 1161 650 vodetnr,
1194 588 1250 653 quo
1278 567 1323 634 la·

149 657 254 714 vantes
276 655 403 712 utantur.
445 647 489 712 At
513 670 585 713 vero
614 647 731 714 Cratini
748 650 838 714 *locus
866 649 956 737 longe
984 649 1070 714 aliter
1090 658 1137 715 est
1158 653 1323 741 explanan-

150 734 220 800 dus:
263 733 379 796 videtur
406 733 484 796 enirn
509 741 595 821 poeta
617 734 653 798 de
675 735 797 798 muliere
819 735 914 819 loqui,
974 757 1029 800 uae
1050 757 1161 800 comam
1182 738 1320 804 sordibus

150 819 223 883 satis
245 823 274 881 et
293 816 395 881 illuvie
415 817 597 902 inquinatam
617 818 709 883 linteo
738 819 919 885 obvolverat.
992 840 1064 904 eque
1087 821 1227 885 abhorret
1246 822 1321 888 haee

149 903 353 990 interpretatio
376 924 393 966 a
413 903 459 966 rei
480 910 601 968 natura:
638 905 752 993 pariter
769 901 990 990 χειρόμακτρον
1011 925 1123 989 quoque
1149 905 1256 972 dicitur
1282 906 1321 972 de

147 989 300 1053 involucro
322 988 425 1075 capitis
450 988 483 1051 in
503 988 640 1052 versibus
662 987 798 1079 Sapphus
821 989 899 1082 apud
920 989 1106 1056 Athenaeum
1127 988 1253 1058 ibidem:
1377 1004 1379 1021 ¹

233 1068 455 1158 Χειρόμακτρα
476 1073 510 1136 δὲ
529 1078 692 1153 κακκσμῶν

231 1158 399 1242 Πορφυρά.

147 1241 200 1312 Sic
212 1242 290 1308 enim
302 1241 460 1330 legendum
471 1248 536 1324 ost,
559 1247 589 1307 et
601 1239 774 1307 Athenaeus
793 1241 909 1329 quidem
925 1241 1035 1307 diserte
1047 1241 1116 1308 dicit
1132 1246 1235 1334 capitis
1248 1266 1318 1312 csse

147 1335 361 1408 ornamentum,
382 1333 586 1414 comparatque
608 1328 700 1391 verba
711 1328 869 1393 Hecataei:
899 1331 1045 1402 Γυναῖκες
1067 1327 1098 1391 δ’
1123 1331 1170 1392 ἐπὶ
1192 1337 1247 1412 τῆς
1267 1355 1319 1395 κε-

146 1418 249 1499 φαλῆς
270 1411 371 1494 ἔχουσι
390 1409 599 1494 χειρόμακτρα
621 1419 650 1476 et
672 1413 759 1477 aliurn
781 1414 876 1477 locum
897 1411 1043 1477 Herodoti
1064 1412 1232 1502 subiungit,
1256 1437 1318 1480 am.

145 1499 267 1585 biguum
288 1518 383 1581 neque
405 1498 478 1561 satis
501 1497 636 1562 similem.
676 1496 740 1561 Iam
763 1497 890 1561 sirecte
912 1497 989 1560 hunc
1010 1518 1129 1561 versum
1150 1500 1318 1589 emendavi,

145 1583 243 1657 πλέως
264 1582 370 1646 dictum
397 1588 444 1645 est
463 1603 516 1670 pro
538 1582 633 1646 atto:
666 1582 734 1645 talis
762 1588 857 1647 autern
884 1582 980 1646 forma
1006 1602 1187 1667 nequaquam
1209 1585 1319 1650 abhor-

144 1675 193 1734 ret
213 1668 249 1732 ab
271 1689 327 1731 usn
347 1672 466 1755 poetae,
499 1667 548 1752 qui
569 1687 630 1730 non
650 1688 742 1754 panca
763 1674 814 1731 aut
833 1667 954 1730 novavit
974 1674 1025 1730 aut
1044 1672 1189 1731 vetustate
1211 1669 1318 1736 obruta

144 1753 307 1818 revocavit:
341 1753 415 1816 haec
441 1757 538 1815 autem
569 1752 665 1815 forma
688 1751 734 1815 vel
755 1773 809 1839 per
830 1773 863 1816 se
885 1754 958 1816 satis
978 1752 1068 1816 habet
1089 1753 1317 1818 commendatio·

58 1853 61 1857 ’
144 1839 210 1921 nis,
253 1859 319 1902 cnm
347 1837 440 1902 Attici
468 1836 505 1900 ad
527 1837 650 1900 eandem
671 1857 804 1902 normam
824 1837 964 1926 pleraque
986 1837 1144 1920 adiectiva,
1187 1840 1316 1922 quaein

145 1948 187 1999 ως
218 1923 340 2004 eadunt,
378 1923 609 2011 composuerint,
642 1922 685 1985 uti
713 1917 728 1984 ὁ
756 1919 901 2004 ἡίλειυς,
934 1920 969 1986 τὸ
988 1923 1077 1986 ‘abeam
1098 1944 1215 2010 semper
1236 1923 1316 1987 dice·

142 2009 245 2088 batur,
279 2014 309 2071 et
337 2007 439 2071 eodem
460 2013 544 2093 pacto
565 2007 597 2069 in
619 2005 770 2069 adieetivis
793 2006 975 2093 compositio,
1012 2017 1044 2070 ut
1066 2003 1081 2069 ὁ
1104 2004 1123 2088 ἡ
1146 2003 1314 2087 ἀνάπλεως,

142 2091 178 2157 τὸ
206 2090 377 2155 denintunam
421 2091 580 2175 antiquitus
607 2095 703 2152 autem
718 2088 850 2153 'uidetur
869 2089 901 2153 id
923 2091 1010 2154 etiam
1030 2090 1063 2153 in
1085 2090 1212 2177 simplex
1232 2092 1314 2156 adie-

142 2178 250 2244 ctivum
272 2176 393 2256 cadere,
425 2183 455 2238 et
475 2175 620 2263 reperitur
640 2172 727 2236 huius
748 2174 862 2237 formae
883 2175 1050 2239 etiamnunc
1070 2175 1229 2262 vestigium
1250 2198 1314 2243 non

141 2256 908 2429 „egnpppupapppopppppppp,v.1400,

225 2429 368 2512 Νίοχμσν
388 2427 518 2502 ἀτοπίας
538 2425 647 2491 πλίων.

160 2538 311 2602 numquam
336 2514 379 2578 ibi
405 2513 468 2578 eod.
495 2513 572 2577 Rau.
607 2517 637 2575 et
668 2509 747 2580 Ven.
772 2508 884 2598 pariter
910 2516 995 2596 atque
1022 2508 1131 2576 Suidas
1153 2512 1310 2600 vulgarem

138 2537 264 2669 doenum
292 2600 383 2663 πλέον
410 2599 565 2663 exhibent:
608 2617 679 2681 quos
711 2618 772 2660 nun
798 2617 914 2680 sequor.
961 2595 1002 2660 Et
1029 2597 1144 2661 videtur
1171 2597 1249 2663 idem
1275 2598 1310 2663 in

141 2686 358 2775 corruptissimo
390 2683 455 2748 loco
486 2681 696 2770 Aristophanis
726 2681 892 2767 Lysistrat.
917 2702 946 2746 u.
978 2682 1069 2746 1050.
1096 2682 1310 2749 restituendum

140 2792 223 2853 esse,
244 2771 286 2834 ibi
308 2770 385 2834 enim
407 2769 541 2832 instituta
562 2768 710 2832 sententia
730 2766 869 2852 requirit,
900 2773 932 2831 ut
952 2767 1133 2856 corrigatur:

217 2853 302 2920 Ἀλλ’
327 2853 531 2937 ἐπαγγελλέτω

222 2943 295 3016 Πᾶς
316 2937 393 3023 ἀνὴρ
415 2941 465 3001 καί
487 2930 571 3022 γυνή,

223 3025 268 3087 Εἴ
283 3048 329 3099 τις
350 3022 526 3109 ἀργυρίδιον
547 3023 609 3085 ἀεῖ-

226 3115 288 3173 Ται
309 3114 428 3189 λαβεῖν,
449 3114 529 3189 μνᾶς
549 3105 568 3190 ἢ
591 3101 641 3170 td’
665 3102 683 3189 ἢ
705 3114 794 3192 τρεῖς·

216 3191 273 3270 Ὠς
293 3194 390 3257 πλέω
407 3192 508 3258 ’στὶν

214 3276 300 3361 ‘illo
309 3306 332 3359 μ
343 3304 379 3343 εν
398 3274 560 3360 βαλάντια.

139 3362 252 3430 Contra
278 3366 365 3428 etiam
394 3365 426 3427 in
454 3360 613 3450 composito
641 3359 784 3425 adieetivo
810 3358 922 3449 passim
949 3359 1121 3447 alegitima
1141 3358 1237 3424 forma
1258 3381 1307 3423 re-

137 3449 260 3531 cedunt,
288 3450 330 3513 uti
351 3448 438 3512 Plato
461 3448 536 3512 dixit
555 3447 587 3510 in
609 3444 770 3510 Phaedone
791 3466 820 3533 p.
841 3446 893 3510 83.
914 3444 955 3507 D.
979 3445 1015 3508 de
1035 3449 1138 3529 ψυχῇ·
1156 3439 1307 3527 Ἀναγκά-

137 3534 217 3610 Crto:
246 3530 330 3616 οἶμαι
357 3529 529 3618 ὃμότροπός
555 3555 587 3594 τε
613 3534 664 3593 καὶ
695 3526 871 3615 ὁμότροφος
896 3530 1052 3612 γίγνεσθαι
1079 3564 1121 3577 -
1149 3526 1221 3591 ttt'-
1244 3528 1304 3591 αἰεί

137 3617 274 3684 ἀναπλία
295 3623 350 3682 τοῦ
372 3615 515 3698 σώματος
536 3615 659 3692 :naeu
693 3615 740 3679 cui
760 3636 820 3679 non
842 3615 984 3679 dissimile
1006 3613 1082 3698 quod
1103 3614 1214 3700 legitur
1233 3613 1307 3678 ibid.

136 3704 218 3770 infra
243 3727 271 3793 p.
298 3703 350 3770 95.
379 3701 433 3768 A.:
466 3702 505 3767 τά
530 3702 586 3783 μὲν
607 3696 771 3784 Ἁρμονίας
791 3696 864 3784 ἡμῖν
883 3704 938 3780 τῆς
962 3699 1122 3781 Θηβαΐκῆς
1139 3694 1205 3762 ίλτά
1228 3722 1306 3779 πως,

136 3783 179 3866 ὥς
199 3788 290 3867 ἔοικε,
318 3788 447 3871 μετρίως
463 3788 572 3871 γίγονε.

220 3874 270 3939 Ad
291 3873 487 3938 Archilocbos
509 3873 634 3955 deniqne
655 3868 843 3934 referendum
869 3874 939 3957 puto
964 3866 1056 3948 illud,
1090 3865 1166 3952 quod
1193 3866 1306 3953 legitur

136 3958 211 4048 apud
252 3957 447 4024 Scholiastarn
479 3954 689 4063 Aristophanis
722 3955 755 4019 in
786 3953 867 4017 Pace
904 3974 931 4016 r.
967 3950 1054 4016 143.:
1107 3951 1305 4035 Ναξιουργὴς

136 4040 306 4129 κάνθαρος·
340 4040 556 4126 στοχάσασθαι
583 4044 664 4106 ἐστιν
691 4038 779 4103 οὐδὲν
804 4037 896 4100 πλέον
921 4033 940 4118 ἢ
967 4033 1014 4099 ότι
1041 4040 1133 4099 πλοῖα
1157 4028 1196 4119 ἦν
1222 4034 1304 4100 οὕτω

135 4122 296 4213 λεγόμενα,
318 4127 485 4215 κάνθαροι,
507 4129 539 4192 ἓν
559 4121 666 4212 Νάξῳ.
693 4119 852 4206 γιγνόμενα
871 4125 909 4206 τῇ
931 4117 1013 4207 νήσῳ
1019 4166 1030 4198 ,
1052 4116 1093 4195 ἀς
1115 4126 1168 4183 νῦν
1189 4122 1304 4206 σίλρας

135 4213 203 4278 τινά
224 4208 362 4300 λίγουσιν
383 4213 514 4278 ἀκατίων
535 4211 610 4318 εἶ’όγ.
649 4207 743 4275 Ἀλλά
769 4209 820 4270 καὶ
846 4205 1014 4286 σωμικάν
1044 4204 1187 4287 (σνμτκάν
1214 4206 1301 4289 475.)
1373 4260 1379 4277 ,

134 4295 274 4386 τρόπος
297 4293 447 4388 τρόπων
467 4319 563 4386 φησιν
582 4319 600 4361 ο
622 4295 793 4382 Κρατῖνος·
819 4291 894 4359 hooc
914 4291 993 4358 enirn
1013 4291 1107 4357 verba
1126 4290 1303 4357 obscurissi·
1365 4380 1368 4385 Ι
