2760 4792
324 239 384 308 DE
404 236 549 316 Romo.
569 233 758 308 muoso.
777 235 885 306 ATT.
905 236 1051 314 humo.
1201 236 1268 307 390

101 433 169 478 nam
204 410 278 474 haec
304 409 397 474 verba
423 407 494 472 dicit
518 406 641 493 aliquis,
684 406 733 492 qui
763 404 837 493 ipsis
864 405 1096 494 Amphidromiis
1123 405 1269 474 solemnia

101 518 223 564 munera
248 493 313 558 lovi
344 493 427 578 quasi
460 492 551 557 amico
583 491 696 556 cuidam
728 512 762 556 ac
789 491 929 555 familiari
960 491 1104 556 missurus
1130 498 1185 558 est
1227 492 1271 559 Et

101 580 252 647 maenides
274 580 352 642 inter
373 579 453 641 cibos
475 578 622 641 solemnes
643 576 730 640 huius
750 576 821 640 festi
843 576 902 640 diei
922 577 1016 642 refert
1036 577 1123 643 etiam
1135 576 1270 644 Eubulus

102 665 179 755 apud
199 663 386 728 Athenaeum
411 662 451 727 Η.
472 683 501 750 p.
522 663 565 727 65
587 661 629 726 C:

185 752 285 833 Κοινῇ
305 772 337 812 τε
356 743 478 828 χναάειν
497 746 633 827 μαινίσιν
654 744 791 827 σηπίδια,

185 836 292 896 Πιλεΐν
313 857 344 896 τε
366 830 481 907 πολλάς
501 827 668 905 πλεκτάνας
690 832 888 915 ἐπιστρεφῶς.

101 919 163 986 Sed
183 925 216 981 ut
236 917 305 982 illuc
325 925 472 998 revertar,
494 916 612 980 easdem
634 916 724 1016 dapes
736 914 946 1001 Theopompus
968 914 1055 980 etiam
1075 914 1266 1003 Aphrodisiis

101 1003 249 1092 appositas
270 1002 369 1079 luisse
396 1001 496 1065 linxit:
524 1000 706 1089 Aphrodisia
736 1007 832 1063 autem
859 999 987 1065 Athenis
1020 1022 1038 1064 a
1064 1002 1267 1075 meretricibus

99 1089 282 1178 potissimum
303 1087 447 1151 celebrari
468 1093 538 1150 sunt
557 1086 659 1164 solita3
685 1085 783 1169 itaque
804 1087 891 1149 etiam
913 1085 1051 1149 comicum
1072 1093 1187 1184 poetam
1208 1108 1270 1150 me-

100 1174 239 1238 retricum
261 1171 426 1236 convivium
451 1172 483 1234 in
511 1171 567 1234 hac
593 1169 694 1235 fabula
714 1172 988 1256 repraesentavisse
1008 1169 1147 1252 eonircio,
1189 1191 1268 1236 corn·

99 1279 188 1348 pares
210 1256 286 1342 quod
306 1255 415 1320 Mache
436 1255 506 1320 dicit
531 1255 608 1344 apud
629 1255 815 1319 Athenaeum
835 1252 920 1318 ΧΙΠ.
941 1276 970 1343 p.
990 1256 1054 1321 ⁵79
1074 1253 1117 1320 lla

184 1342 274 1424 Πρὸς
293 1340 348 1423 τὴν
368 1339 548 1404 Γνάθαιναν
567 1339 700 1424 Δίφιλος
726 1339 851 1421 κληθείς
871 1362 944 1402 ποτε

182 1424 255 1489 Ἐπὶ
277 1427 411 1503 δεῖπνον,
439 1423 481 1500 ὡς
503 1424 638 1509 λέγουσι,
666 1433 730 1497 τοῖς
745 1421 963 1509 Ἀφροδισίοις,

187 1509 367 1591 Τιμάμενος
395 1506 529 1590 μάλιστα
549 1515 612 1572 τῶν
632 1506 792 1589 ἔρωμίνων

183 1594 287 1679 Λήθῃ
309 1594 339 1658 δ’
363 1592 419 1657 ὑπ’
443 1592 540 1675 αὐτῆς
560 1593 685 1667 ἐκτενῶς
705 1587 904 1674 ἀγαπώμενος

184 1683 241 1743 Πα
265 1684 308 1741 ”m

99 1765 188 1832 Adde
208 1704 346 1827 Fidium
366 1758 399 1823 in
419 1757 553 1823 Poenulo
573 1757 598 1822 Ι.
619 1760 661 1840 2,
682 1756 740 1822 432

185 1848 276 1911 Diem
296 1845 429 1934 pulcrum¹
449 1851 479 1907 et
498 1842 644 1906 celebrem
666 1848 695 1907 et
715 1838 879 1906 venustatis
900 1841 1029 1930 plenum,

185 1932 320 2018 Dignum
340 1928 454 1997 Veneri
472 1926 538 2015 pol,
558 1928 628 2012 quoi
648 1933 718 1991 sunt
737 1926 920 2016 Aphrodisia
940 1928 1037 1994 hodie.

101 2026 132 2084 et
151 2017 259 2082 ibidem
279 2034 309 2081 v.
330 2016 373 2080 53
394 2013 438 2077 sic
458 2012 584 2097 loquitur
605 2013 765 2076 meretrix:

185 2101 291 2165 Turba
312 2107 357 2164 est
377 2097 454 2186 apud
475 2119 571 2162 aram:
594 2097 645 2163 An
660 2104 689 2161 te
709 2098 751 2161 ibi
773 2097 818 2161 vis
839 2096 918 2162 inter
937 2097 1012 2162 istas
1032 2096 1182 2165 versarier

183 2185 335 2250 Pmsedas
357 2184 497 2271 pistorum
519 2180 645 2264 amicas,
665 2181 806 2266 rehquias
828 2181 974 2265 alicarias,

185 2269 315 2333 Miseras
333 2288 444 2332 scoeno
466 2266 626 2349 delibutas,
657 2265 847 2331 servolicolas
870 2268 1016 2350 sordidas,

185 2353 268 2426 Quae
289 2353 342 2434 tibi
363 2353 443 2417 olent
464 2351 608 2416 stabulum
619 2358 781 2436 statumque
800 2351 903 2415 sellam
916 2366 946 2415 et
959 2351 1133 2420 sessibulum
1143 2375 1264 2436 merum,

186 2440 266 2513 Quas
298 2437 371 2502 adeo
392 2436 470 2500 haud
492 2436 642 2521 quisquam
672 2456 805 2582 unquanpl
821 2434 898 2499 liber
924 2437 1036 2525 tetigit,
1064 2458 1160 2527 neque
1181 2438 1266 2506 duxit

280 2555 281 2559 =
717 2581 718 2584 ,
806 2539 912 2602 omum,

185 2606 375 2673 Servolorum
397 2603 611 2669 sordidulorum
633 2607 733 2667 scorta
753 2602 924 2670 diobolaria.

100 2699 131 2758 et
151 2691 233 2762 Μ
267 2693 303 2756 1:

184 2740 257 2840 Fuit
272 2774 358 2840 hodie
371 2794 477 2862 operae
491 2771 615 2861 pretium
627 2771 701 2854 eius,
722 2772 772 2858 qui
783 2770 955 2838 amabilitati
974 2773 1103 2840 animum
1112 2775 1264 2860 adiiceret,

186 2861 286 2927 Oculis
308 2859 408 2946 epulas
431 2859 512 2938 dare,
534 2857 685 2922 delubrum
697 2858 747 2943 qui
767 2857 855 2922 hodie
876 2867 1009 2923 ornatum
1029 2859 1160 2925 invisere
1172 2864 1264 2946 venit,

185 2946 330 3011 Deamavi
351 2950 482 3007 eccastor
501 2942 545 3006 illi
567 2962 626 3028 ego
646 2943 827 3030 lepidissima
848 2964 969 3007 munera
986 2946 1180 3011 meretricum.

100 3037 132 3096 et
160 3046 233 3115 quae
260 3040 435 3114 sequuntur,
463 3048 537 3112 quae
563 3028 619 3091 etsi
646 3026 684 3093 de
705 3025 879 3114 Calydoniis
901 3029 1091 3116 Aphrodisiis
1117 3032 1264 3116 dicuntur,
1360 3066 1363 3075 ·

100 3123 169 3180 sunt
190 3123 286 3178 tamen
308 3114 345 3177 ad
365 3110 446 3176 illam
467 3113 568 3176 orbern
589 3111 732 3176 translata
752 3113 789 3177 ab
808 3111 1034 3178 Atheniensium
1055 3115 1148 3180 festor
1165 3113 1265 3183 'Athe-

100 3201 234 3264 niensem
256 3198 333 3262 enim
353 3205 478 3298 poetam,
499 3195 708 3278 Menandrum,
730 3197 861 3281 sequitur
880 3197 1021 3262 Plautus:
1044 3221 1078 3263 ac
1098 3198 1267 3268 Menander

100 3287 186 3348 etiam
208 3283 239 3345 in
260 3283 399 3346 Parasito
419 3281 601 3370 Aphrodisia
626 3282 697 3346 fecit
716 3281 876 3358 celebrari,
906 3283 965 3348 vid.
986 3283 1159 3350 Athenaeus
1179 3286 1264 3356 XIV.

100 3388 129 3457 p.
150 3369 214 3434 659
234 3367 280 3432 D:
323 3364 440 3449 Διόπερ
468 3366 652 3450 Μένανδρος
682 3367 714 3430 ἐν
739 3365 859 3431 Κόλακι
884 3365 939 3432 τὸν
964 3377 1029 3443 τοῖς
1054 3372 1264 3455 τετραδισταῖς

101 3448 335 3599 διακρνοιὲμενον
353 3448 498 3538 μάγειρον
518 3453 551 3516 ἐν
570 3457 608 3538 τῇ
629 3456 684 3534 τῆς
705 3447 866 3533 πανδήμου
875 3449 1061 3538 Ἀφροδίτης
1073 3447 1165 3542 ἑορτῇ
1185 3465 1267 3522 ποιεῖ
1331 3538 1334 3546 Ι

101 3542 334 3728 πωῃῖάιάνοάρξίι
347 3622 434 3685 δίδον
455 3618 493 3685 ed
513 3615 662 3705 σπλάγχν’
685 3617 881 3685 ἀκολουθῶν·
903 3629 962 3685 πσῖ
974 3620 1113 3706 filinae,-

185 3708 325 3790 Σπονδη·
349 3697 460 3791 φίρίἷι
482 3715 542 3769 παῖ
558 3707 679 3770 Σωσία·
701 3701 838 3789 σπονδή·
859 3710 960 3784 καλῶς

178 3789 294 3873 ’(Εγχιι·
315 3797 400 3866 θεοῖς
418 3789 595 3872 Ὀλυμπίοις
609 3785 786 3871 εὐχώμεθα,

181 3874 392 3956 Ὀλυμπίαισι,
413 3881 504 3952 πᾶσι,
526 3874 653 3950 πάσαις
675 3871 811 3955 λάμβανε

108 3987 112 3994 ·
188 3959 254 4042 Τὴν
275 3964 411 4043 γλῶτταν
439 3959 471 4023 ἓν
489 3957 604 4044 τούτῳ·
630 3955 748 4023 ὁιιλόναι
773 3959 938 4043 σωτηρίαν,
1016 3956 1019 4013 ἶ

180 4040 326 4127 Ὑγίειαν,
348 4043 454 4128 ἀγαθὰ
475 4043 582 4122 πολλά,
603 4047 665 4108 τῶν
686 4041 782 4108 άντων
800 4067 833 4108 τε
854 4049 909 4109 νῦν

181 4126 322 4213 Ἀγαθῶν
342 4126 444 4211 deuote
465 4135 555 4206 πᾶσι,
577 4127 665 4192 ταῦτ’
689 4124 861 4210 εὗχιάμεθα.
924 4169 928 4176 ·

102 4213 337 4278 celebrabantur
361 4223 457 4279 autem
478 4213 659 4302 Aphrodisia
682 4234 750 4279 cum
777 4214 848 4278 alibi
867 4214 901 4278 in
919 4213 1065 4298 Graecia,
1094 4214 1156 4281 tur'a
1196 4214 1263 4280 rae-

101 4297 185 4388 cipue
210 4297 348 4364 Corinthi
377 4320 398 4364 a
421 4299 640 4384 meretricibus,
681 4299 741 4367 vid.
764 4297 936 4369 Athenaeus
962 4297 1048 4367 XIII.
1074 4235 1196 4392 pbld
1213 4299 1284 4368 Bes
1340 4337 1343 4342 ·
