2760 4792
327 221 387 291 uu
404 221 546 299 aune
567 217 758 291 ceueuu.
779 217 887 288 sur.
906 219 1043 304 auuue
1170 217 1272 289 aas
1371 237 1374 241 ·

125 413 220 480 uuque
239 398 369 483 tempere
388 393 441 458 illa
461 393 639 458 consuetude
648 389 780 458 Athenis
800 393 912 480 viguit,
935 393 994 459 vid.
1007 393 1109 461 Schel.
1120 394 1275 486 Aristoph.

105 413 186 543 ἀλαί.
200 478 298 625 Σηὸἀι
319 481 521 565 Πατροκλῆς·
542 473 585 554 εἷς
604 469 642 558 ἦν
661 481 726 542 τῶν
745 476 995 542 τάνΛακωνικδν
1013 480 1083 562 βίον
1104 477 1276 566 ζηλούντων

101 560 201 629 {aaa
235 587 277 626 ων
297 568 360 627 κτλ.

163 587 241 711 ηΕΧ
263 647 363 712 eadem
385 647 471 711 huius
486 646 653 711 comoediae
662 651 749 735 parte
761 645 939 734 depromtum
954 670 1021 713 esse
1041 655 1110 739 pute
1122 654 1274 737 fragmen·

106 739 183 814 tum,
206 732 281 817 qued
302 731 419 797 fabulae
440 732 559 795 nemine
580 731 689 796 emisse
709 732 844 796 servavit
862 733 1037 800 Athenaeus
1057 734 1098 801 L.
1119 736 1159 799 Π.
1180 757 1208 824 p.
1231 735 1275 800 48

107 815 152 882 A:
179 821 249 880 Νῦν
269 817 303 880 δὲ
327 815 465 899 τὴντῶν
492 812 680 900 στρωμάτων
700 811 848 880 σύνθεσιν
868 823 1015 904 περιβολῇ
1038 822 1201 903 χωρίζουσι
1223 822 1275 884 καί

107 896 265 1007 ῦηοβολῇ,
295 904 371 987 φησί
391 898 527 991 Πλάτων
547 896 563 963 δ
585 896 775 986 φιλόσοφος·
803 896 819 964 ὅ
842 900 872 965 δ’
897 898 1059 986 ὁμώνυμος
1080 904 1164 994 αάτρλ
1186 930 1277 988 ποιη-

106 1010 163 1069 W
183 1009 277 1134 ⁹³13}
302 1071 335 1134 ἐν
353 1069 468 1145 κλίναις
494 1067 730 1155 ἐλεφαντόποσιν
750 1070 802 1133 καί
823 1065 985 1155 στρώμασι
1005 1068 1279 1159 πορφυροβάπτοις

192 1135 265 1219 Κάν
286 1156 429 1239 φοινικίσι
450 1156 670 1237 Σαρδιακαῖσιν
690 1151 919 1236 κοσμησάμενοι
939 1153 1139 1223 κατάκεινται.

109 1239 169 1305 Hic
190 1242 268 1304 euim
294 1239 387 1327 legati
408 1247 561 1322 notantur,
581 1240 658 1325 qued
679 1239 756 1327 apud
776 1240 979 1306 Artaxerxem
1004 1242 1167 1308 Persarum
1192 1243 1279 1310 ιοοδο

109 1332 141 1391 et
165 1344 246 1388 mere
272 1324 502 1390 luxuriaverint:
535 1327 671 1389 conferas
698 1344 772 1409 quae
800 1325 836 1389 de
859 1324 1029 1415 Timagora
1049 1326 1188 1394 Cretensi
1209 1351 1280 1393 nar-

109 1415 158 1475 rat
176 1408 350 1475 Athenaeus
371 1409 411 1475 L.
432 1410 472 1474 ll.
493 1430 523 1499 p.
543 1409 587 1474 48
607 1409 653 1473 D:
683 1408 748 1473 Τόν
769 1400 824 1473 οάν
844 1412 959 1516 Κρητα
982 1409 1165 1499 Τιμαγόραν
1184 1409 1205 1496 ἢ
1225 1411 1280 1477 τόν

111 1496 144 1560 ἐκ
165 1491 318 1577 Γόρτυνος
324 1543 334 1573 ,
357 1491 398 1570 ὥς
418 1517 495 1578 φησι
519 1492 637 1567 Φανίας
658 1488 948 1577 ὃπεριπατητικσς,
963 1493 1121 1578 Ἔντιμον,
1144 1494 1178 1574 ῦς
1199 1495 1280 1586 ζήλῳ

114 1579 355 1659 Θεμιστοκλέους
382 1579 475 1659 ἀνέβη
506 1572 549 1652 ὡς
573 1575 717 1655 βασιλέα,
748 1583 846 1658 τιμῶν
861 1575 1079 1664 Ἀρταξέρξης,
1108 1580 1222 1665 σκηνήν
1246 1606 1281 1648 τε

110 1662 221 1728 ἔδωκεν
247 1662 333 1750 αὐτῷ
359 1661 568 1745 διαφέρουσαν
591 1659 628 1723 τὸ
655 1657 767 1734 κάλλος
792 1663 843 1723 καὶ
869 1661 909 1725 τό
929 1664 1074 1748 μέγεθος,
1105 1669 1156 1730 καί
1177 1672 1212 1730 κλ

111 1743 324 1834 ἀργυρόποδα,
346 1742 463 1826 έπεμψε
484 1743 518 1806 δέ
538 1745 590 1806 καὶ
610 1740 779 1826 στρώματα
800 1749 952 1829 πολυτελῆ
973 1751 1024 1811 καὶ
1044 1774 1098 1814 τον
1117 1750 1282 1838 ῦποστρωι

111 1857 221 1909 σοντα,
249 1827 376 1917 φάσκων
398 1829 453 1893 οῦκ
474 1829 660 1892 ἐπίστασθαι
681 1827 754 1904 τοὺς
767 1825 925 1910 Ἕλληνας
943 1827 1203 1919 ἀποστρωννάειν·
1230 1838 1283 1900 καλ

113 1919 162 1983 ἔπλ
187 1916 224 1981 τό
248 1911 420 1999 συγγενικόν
445 1910 571 1999 ἀριστον
596 1913 730 1977 ἐκαλεῖτο
759 1908 776 1976 ὃ
803 1912 893 1997 Κρὴς
921 1905 1030 1995 οὗτος,
1072 1917 1125 1983 τὸν
1149 1920 1284 2001 βασιλέα

112 1996 356 2084 ψυχαγωγήσας·
377 2034 418 2049 -
439 2005 484 2084 τῷ
506 1994 538 2062 δ’
561 1998 687 2084 Ἐντίμῳ
707 2002 837 2062 τοιαῦτα
858 1999 958 2062 πολλά
978 2001 1080 2081 ἐποίει,
1103 2007 1153 2067 καλ
1175 2006 1224 2069 ἐπὶ
1245 2004 1283 2070 τδ

114 2084 285 2170 συγγενικόν
310 2082 435 2169 ἀριστον
455 2080 567 2161 ἐκάλει,
598 2081 650 2168 ἐφ’
675 2072 701 2170 ᾧ
723 2083 752 2148 οἳ
772 2083 896 2167 Πίρσαι
920 2090 1061 2166 χαλεπῶς
1088 2085 1212 2175 έφερον,
1240 2085 1285 2166 ὥς

114 2177 169 2252 της
194 2194 226 2234 τε
252 2175 343 2279 τιμης
369 2169 590 2251 δημευομένης,
619 2168 670 2230 καί
695 2169 857 2251 στρατείας
884 2169 933 2232 έπλ
959 2169 1016 2255 τὴν
1030 2167 1171 2238 Ἐλλάδα
1192 2172 1285 2238 πάλιν

114 2255 268 2336 έσσμίνης.
320 2256 449 2334 Επεμψε
469 2254 503 2317 δὲ
523 2255 574 2317 καλ
596 2253 699 2362 κλίνην
719 2252 803 2340 αῦτηῦ
830 2249 1029 2362 ἀργυρόποδα
1050 2259 1100 2322 καλ
1122 2258 1286 2345 στρωμνὴν

115 2342 168 2405 καὶ
188 2336 301 2422 σκηνὴν
328 2335 540 2423 σάρανάροφον
567 2334 712 2418 ἀνθινην,
739 2340 791 2402 καί
817 2343 934 2423 θρονον
960 2339 1115 2428 ἀργυροῦν
1140 2348 1191 2409 καλ
1219 2345 1286 2410 έπίι
1366 2360 1379 2375 *

113 2449 230 2508 χρυσον
258 2421 424 2498 σκιάδειον,
452 2425 503 2486 καὶ
530 2418 644 2509 φιάλας
664 2421 904 2504 λιθοκολλήτους
922 2433 1054 2510 χρυσάς,
1077 2430 1129 2492 καλ
1149 2428 1287 2539 ἀργυρᾶς

117 2511 150 2574 δὲ
169 2505 304 2594 μεγάλας
324 2504 431 2571 ἓκατδν
457 2509 508 2570 καλ
529 2511 684 2593 κρατῆρας
710 2503 877 2592 ἀργυροῦς,
904 2513 955 2573 καλ
981 2513 1145 2589 παιδίσκας
1166 2514 1284 2596 εκατάν,
1327 2556 1331 2567 ·

117 2596 169 2659 καὶ
195 2595 309 2667 παῖδας
334 2588 455 2666 ἑκατόν,
482 2594 617 2676 χρυσοῦς
642 2615 675 2655 τε
702 2588 934 2673 ἑξακισχιλίους,
975 2599 1070 2678 χωρίς
1095 2605 1158 2662 τῶν
1183 2604 1225 2676 είς
1245 2602 1287 2666 τά

118 2675 272 2760 έπιτήδεια
298 2675 375 2740 καθ’
397 2671 515 2759 ἡμέραν
540 2675 717 2756 διδομένων.
766 2677 814 2742 [λθ
841 2677 1008 2766 Timagora
1032 2681 1085 2746 illo
1111 2683 1171 2748 vid.
1197 2687 1285 2752 etiam

119 2763 249 2829 Gramm.
270 2760 407 2826 Bekkeri
433 2760 474 2825 Τ.
495 2761 521 2826 Ι.
547 2782 576 2851 φ.
597 2762 678 2843 ³07,
698 2763 752 2844 27,
784 2761 834 2847 qui
856 2763 1075 2830 'Atheniensem
1102 2775 1210 2850 vocat,
1243 2771 1285 2836 ita

118 2849 206 2999 φρῦὶηοι
218 2846 405 3001 ξῖίΙιοάιιεῖρ.1
413 2846 523 2994 ἀξίῃ
532 2864 613 2933 seqq.
639 2844 681 2910 Ee
700 2847 868 2913 consentire
889 2849 1006 2916 uidetur
1025 2852 1091 2941 ipse
1111 2852 1287 2922 Athenaeus

182 2954 201 2999 a
265 2953 322 3022 .p.
456 2977 464 2997 .
