2760 4792
103 217 147 283 72
478 210 883 281 COMMENTATIONES

164 380 350 470 '‘fllxdotpn,
371 378 461 468 φιλίη
481 381 519 446 δέ
536 378 570 446 α’
591 380 779 468 ἐϋστέφανος
798 377 954 467 Δημήτηρ

185 468 319 550 Αἶδοάη,
342 461 450 548 βιότου
472 465 507 531 dd
526 465 597 548 τεὴν
616 467 768 550 πίιιπλησι
789 463 906 549 καλιήν.

102 552 238 619 atvero
258 550 469 618 deedteomiee
489 557 594 639 poetae
615 550 703 617 etia'm
724 551 804 617 eliud
825 552 894 636 quid
915 550 1110 634 substituere,
1136 552 1213 640 quod
1234 550 1275 617 ud

103 636 265 703 institutum
286 635 462 700 sententiam
483 636 726 701 accommodatius
748 636 843 701 νίιοιο
864 644 941 700 erat:
964 643 995 699 et
1015 643 1112 724 aptum
1132 658 1206 703 saue
1226 642 1276 701 est

103 720 227 787 alterum
253 719 327 785 illud
353 717 469 786 Coeno.
517 718 697 807 Quamquam
724 729 820 785 autem
846 741 942 806 neque
969 721 1128 786 scholiasta
1153 717 1276 787 Ariste·
1333 732 1335 737 '

103 805 227 895 phanis,
247 825 343 890 neque
364 802 473 870 Suidas
493 805 614 871 fabulae
639 825 747 870 nomeu
773 804 869 885 addit,
908 805 997 869 retuli
1022 815 1121 871 tamen
1147 806 1186 872 ad
1210 804 1276 871 Eu·

103 889 208 972 uides,
239 888 375 975 quoniam
399 888 578 978 ¹Athenaeus
598 910 634 954 eo
655 889 735 971 loeo,
766 910 851 975 quem
873 910 963 978 supra
983 889 1144 980 adscripsi,
1164 890 1275 993 prodit,

34 1035 39 1043 .
105 971 260 1041 Cratinum
285 974 319 1039 in
345 972 401 1038 hae
428 975 610 1063 potissimum
636 973 739 1039 sabula
764 975 877 1062 epicam
903 975 1079 1062 gravitatem
1101 995 1210 1041 eomree
1231 974 1276 1042 le-

103 1079 176 1149 pore
196 1060 418 1148 temperavisse.
459 1058 537 1125 lllud
558 1078 671 1143 quoque
692 1067 898 1146 argumentum
919 1059 1049 1147 preferri
1068 1065 1175 1149 petest,
1197 1058 1277 1145 quod

102 1142 253 1232 pertinent
272 1143 305 1207 hi
324 1163 430 1207 versus
452 1142 489 1208 ed
510 1143 650 1209 eximium
677 1151 825 1208 auctorem
846 1143 919 1207 artis
941 1145 1086 1226 musicae,
1119 1145 1202 1209 euius
1224 1142 1278 1209 de·

103 1228 306 1318 pravationem
332 1227 365 1291 iu
391 1227 447 1290 hae
471 1226 538 1315 ipsa
562 1226 664 1290 fabula
685 1225 839 1294 Cratinum
861 1227 1063 1316 deploravisse
1084 1230 1148 1305 veri
1169 1236 1216 1293 est
1235 1228 1279 1293 si-
1332 1236 1335 1241 '

105 1312 268 1379 milliorum.
309 1309 476 1376 DeConuo
493 1318 589 1376 auam
611 1312 682 1397 quin
702 1313 777 1378 haee
797 1313 888 1376 ve1·ha
908 1312 1103 1400 intelligenda
1124 1315 1195 1395 sint,
1215 1332 1279 1379 non
1330 1330 1334 1339 ·

106 1396 222 1461 dubito:
252 1414 424 1481 quamquam
452 1395 626 1460 Meiuekius
646 1396 755 1482 aliique
774 1397 910 1462 homiues
932 1397 1010 1460 doeti
1030 1397 1116 1462 aliter
1137 1398 1279 1464 sentiunt.

106 1481 197 1549 Dixit
220 1501 294 1545 sane
321 1478 462 1545 Cratinus
490 1479 631 1545 insolenti
660 1482 772 1563 forma,
814 1503 873 1567 qua
900 1481 952 1546 vix
979 1482 1131 1567 quisquam
1158 1480 1284 1570 praetoe'

106 1565 186 1630 hune
206 1585 277 1628 usus
299 1571 361 1646 est,
392 1566 531 1642 Κοννᾶς,
563 1565 744 1651 eandemque
764 1565 912 1647 serravit,
943 1574 976 1629 ut
995 1587 1050 1654 por
1070 1573 1132 1648 est,
1158 1565 1280 1632 Aristo·

106 1650 221 1738 phanes
241 1648 294 1714 illo
321 1649 402 1731 loeo,
435 1670 492 1734 que
514 1647 632 1715 Cratini
651 1671 770 1715 versum
791 1671 845 1714 sue
866 1651 1015 1739 proposito
1036 1650 1279 1717 accommodanda
1327 1666 1332 1673 '

357 1778 361 1785 ·
510 1732 618 1798 'Alte
637 1733 733 1819 γέρων
758 1731 801 1798 ὢν
822 1759 857 1797 πε
879 1734 970 1821 ιέρρει

186 1814 306 1904 Ὥσπερ
326 1820 465 1897 Κοννᾶς,
491 1819 645 1904 στέφανον
664 1819 721 1899 μὲν
741 1817 818 1901 ἔχων
839 1760 924 1896 eder,
946 1818 1024 1904 δίψη
1046 1818 1077 1882 δ’
1102 1814 1282 1897 ἀπολωλάς.
1326 1836 1332 1841 ·

109 1898 251 1971 Cratinus
280 1903 451 1969 enimcum
482 1900 619 1971 Connum
650 1903 739 1969 istum
764 1913 921 1993 sperneret
951 1912 1036 1989 atque
1069 1910 1280 1987 contemneret,
1303 1924 1331 1935 ··

108 1988 183 2055 illud
203 1989 291 2054 etiam
312 1987 409 2054 forma
429 1988 557 2052 neminis
579 1988 779 2075 significavit3
803 1990 893 2052 verba
914 1990 992 2052 euim
1014 1989 1142 2073 quaein
1163 1994 1201 2066 ἅς
1221 1996 1282 2055 ter·

109 2074 259 2140 minantur
279 2072 447 2137 hominibus
469 2071 643 2153 humilibus,
670 2072 809 2153 abiectis,
837 2072 966 2137 sordidis
988 2073 1180 2137 conveniunt:
1210 2073 1283 2139 hine

110 2159 286 2223 eomieorum
306 2157 434 2221 maxime
455 2176 510 2219 usu
533 2162 603 2220 suut
622 2156 839 2240 frequentatae:
863 2162 910 2221 est
930 2164 1025 2223 autem
1035 2153 1284 2232 Kevodrelldw

110 2267 164 2318 νος
189 2241 292 2306 eedem
319 2240 405 2305 mode
432 2239 569 2338 petitum?
600 2259 657 2326 que
684 2240 835 2305 dicebatur
880 2262 914 2304 ro
936 2239 1035 2326 φάγος
1055 2247 1173 2327 φαγᾶς,
1204 2240 1285 2328 qued

110 2327 207 2393 isum
238 2322 394 2390 Cratinum
425 2344 616 2412 usurpamsse
648 2330 750 2388 auctor
779 2332 826 2390 est
852 2262 1049 2432 'lhryniehus
1077 2348 1108 2434 p.
1133 2326 1208 2393 43&
1235 2324 1284 2391 ed.

162 2409 263 2475 beck:
305 2410 520 2494 Καταφαγᾶς·
554 2404 650 2472 πόθεν
670 2410 856 2495 Μένανδρος
876 2434 1034 2494 σοσσορας
1054 2406 1286 2476 τοντοσοάτων

112 2489 273 2575 ὀνομάτων
292 2491 447 2580 συρφετὸν
465 2488 616 2575 αῑσχάνεις
636 2491 692 2575 τὴν
713 2489 842 2580 πάτριον
862 2492 982 2582 φωνήν,
1015 2496 1061 2570 τίς
1081 2494 1141 2580 γὰρ
1161 2494 1201 2579 δὴ
1222 2500 1285 2583 asir

112 2578 174 2667 πρὸ
200 2583 258 2645 ooo
286 2583 331 2668 τῷ
351 2583 535 2665 ιιαταφαηᾰς
560 2579 719 2666 κέχρηταις
750 2575 766 2645 ὃ
792 2580 850 2663 μέν
867 2579 928 2668 γὰρ
945 2577 1183 2667 Ἀριστοφάνης
1203 2576 1287 2647 otro

112 2664 225 2753 φησίν·

189 2746 278 2813 Ἔστι
298 2744 357 2832 γὰρ
377 2751 564 2834 κατωφαγᾶς
584 2772 630 2826 τις
650 2745 742 2826 ἄλλος
762 2747 782 2835 ἢ
803 2745 1005 2831 Κλεωνάμοςς

112 2831 221 2943 :Epope
242 2823 297 2940 eds:
316 2832 463 2918 Κρατίνῳ
484 2830 666 2916 πειθόμενα
687 2840 815 2922 φαγᾶς
842 2837 947 2902 εἰπεῖν·
981 2834 1056 2912 ἴσως
1076 2830 1107 2899 d'
1131 2828 1171 2900 ἂν
1191 2830 1288 2911 εἷ’ποις

115 2942 163 2985 ν
181 2918 764 3090 teretemque,

194 3085 234 3152 ‘O
253 3085 287 3151 δ’
310 3081 468 3173 ἀνάπηρος
488 3089 698 3175 πορνοβοσκὸς

198 3175 406 3256 Καταφαγάς.

115 3256 228 3323 Eadem
249 3258 343 3345 igitur
362 3257 477 3326 ratione
498 3279 517 3322 a
537 3254 657 3334 Κάννας
675 3258 708 3327 in
725 3256 868 3345 'irrisione
889 3257 924 3323 lit
947 3258 1087 3333 Κοννᾶςι
1115 3274 1288 3343 quamquam

116 3342 236 3407 nemina
256 3343 392 3432 propria,
419 3364 494 3428 quae
515 3343 639 3409 eandem
659 3344 784 3408 sormam
804 3364 877 3431 pree
899 3364 933 3407 se
953 3344 1069 3425 ferunt,
1091 3363 1132 3406 ex
1151 3341 1289 3428 longius·

116 3426 191 3493 eulis
211 3427 277 3492 fere
305 3434 375 3493 sunt
395 3434 559 3510 contracta,
587 3435 619 3493 ut
639 3431 770 3510 Μηνᾶς,
798 3428 872 3509 alia,
900 3427 1058 3514 dequibus
1080 3426 1222 3491 disseruit
1240 3422 1291 3491 vir

117 3511 269 3577 doetrinae
297 3512 382 3600 eopia
409 3513 670 3595 instructissimus,
701 3511 876 3577 Lebeekius
904 3513 941 3576 ad
962 3512 1045 3577 illum
1072 3511 1177 3576 locum.
1227 3506 1291 3575 Sed

117 3595 296 3662 simillimum
317 3618 402 3661 exem
423 3596 483 3661 lum
504 3605 551 3662 est
570 3600 641 3661 Βακ
660 3601 712 3676 ἅς,
748 3597 825 3682 quod
851 3595 893 3662 So
913 3597 1014 3663 hoeles
1041 3597 1118 3661 dixit
1142 3616 1204 3659 non
1234 3611 1290 3683 pre

116 3677 299 3763 βακχεοτῆς,
318 3681 362 3745 uti
408 3680 483 3746 chol.
505 3681 597 3770 Soph.
617 3681 645 3745 P
668 3683 776 3747 'oetet
797 3703 825 3747 v.
849 3619 1058 3748 illaesae
1080 3687 1136 3760 est,
1159 3677 1214 3744 sed
1235 3696 1291 3767 plo

120 3763 252 3848 Βάκχος.
274 3763 543 3838 Quomiuusautem
555 3765 1293 3850 eundemheminemstamamoshuncquiKem'ic

121 3858 314 3916 vocaturoum
326 3847 444 3933 Cenuo,
465 3850 756 3940 nouimpeditillud‚
778 3851 915 3935 quodhio
935 3849 1176 3916 tibiaeanereai
1198 3849 1293 3913 iuter·

118 3943 202 4024 prete
223 3932 455 4023 Aristophanis,
481 3936 533 4001 ille
554 3936 720 4003 eoustautia
739 3936 857 4000 testium
878 3958 907 4000 m
970 3958 1004 4018 a,
1025 3935 1156 4001 citharae
1177 3933 1293 4022 peritus

119 4040 188 4085 esse
210 4018 330 4085 dicitu:
352 4041 420 4086 nam
441 4042 497 4086 nee
517 4021 634 4109 penitus
655 4020 802 4087 disiuncta
822 4028 909 4085 eraut
950 4042 1033 4085 arum
1054 4019 1160 4084 artium
1181 4016 1293 4115 sodis,

120 4124 176 4169 nee
197 4104 285 4175 nimis
305 4104 339 4168 iu
359 4126 393 4170 re
414 4105 527 4170 leviore
547 4107 722 4193 praesertim
742 4105 897 4194 interpreti
917 4105 963 4169 illi
978 4104 1173 4169 tribuendum.
1216 4100 1295 4167 nixu

122 4186 257 4255 Coenum
278 4189 374 4254 luisse
394 4189 503 4257 eximie
524 4191 597 4254 artis
618 4212 691 4256 suae
710 4190 852 4280 peritum,
876 4190 1079 4256 ·eousentiuut
1099 4205 1212 4253 meeum
1232 4182 1295 4251 viri

122 4273 293 4345 omicarini
312 4272 498 4342 Winekelm.
524 4274 564 4341 od
582 4274 719 4342 Platonis
738 4272 870 4373 Euthyd.
891 4297 921 4366 p.
940 4274 1019 4359 XL,
1056 4280 1087 4339 et
1106 4270 1294 4338 Frilaselrius
