2768 4770
416 1208 765 1293 mama
821 1206 871 1293 1.

515 1527 703 1604 CAPUT
735 1531 768 1602 I.

137 1696 315 1828 cratinus,
352 1744 566 1827 Atheniensis,
610 1746 746 1831 antiquae
769 1747 935 1812 comoediae
962 1748 1051 1815 facile
1077 1750 1225 1839 princeps,

54 1836 125 1900 iure
152 1833 311 1917 meritoque
329 1831 409 1895 mam
436 1832 473 1894 ab
496 1830 665 1930 aequalibus
687 1831 781 1919 poetis
811 1832 909 1894 tritam
937 1833 1057 1918 reliquit
1083 1843 1113 1899 et
1139 1836 1227 1900 novis

55 1917 252 1985 incrementis
278 1915 445 2002 conquisitis
480 1937 618 1980 comicam
648 1916 753 2004 poesin
782 1916 814 1980 in
835 1923 946 1981 tantum
967 1918 1121 2007 fastigium
1144 1927 1228 1985 extu-

56 2004 114 2084 lit,
158 2007 289 2088 quantum
318 2003 372 2065 vix
399 2001 566 2089 exspectari
591 2008 720 2089 poterat:
764 2022 831 2065 nam
860 2023 923 2064 cnm
951 2011 1032 2067 esset
1051 2024 1161 2092 magno
1182 2005 1228 2069 in·

58 2085 153 2177 genio
174 2094 203 2151 et
222 2086 330 2151 eximia
351 2107 462 2150 morum
475 2087 632 2173 gravitate,
649 2086 815 2172 aegerrime
836 2085 902 2149 tulit
912 2109 974 2150 rem
987 2088 1131 2176 publicam
1142 2111 1228 2178 prae-

57 2194 129 2262 ceps
149 2172 182 2236 in
222 2171 362 2236 erniciem
382 2193 480 2252 ruere,
502 2172 617 2235 omnem
633 2172 727 2271 igitur
747 2192 865 2258 operam
887 2178 972 2257 atque
994 2194 1079 2237 omne
1101 2175 1228 2240 studium

59 2279 96 2322 eo
117 2192 254 2338 contudit,
291 2263 324 2319 ut
351 2256 481 2343 imagine
508 2255 601 2343 ipsius
630 2264 709 2319 vitae
731 2264 799 2319 ante
821 2256 920 2319 oculos
947 2258 1043 2345 posita
1070 2280 1171 2323 omnes
1198 2267 1229 2324 et

58 2364 108 2408 res
128 2343 274 2406 hnmanae
306 2347 335 2403 et
357 2340 474 2404 divinae
496 2341 722 2405 emendarentur
741 2340 946 2425 hominumque
967 2340 1057 2405 animi
1078 2343 1115 2406 ad
1136 2344 1246 2407 hone-i

59 2433 163 2492 statem
184 2425 337 2491 colendam
357 2424 599 2489 incenderentur:
642 2426 698 2489 hoc
719 2425 777 2488 sibi
797 2426 909 2513 pmmus
931 2433 960 2489 et
980 2427 1132 2515 proposuit
1154 2424 1228 2492 Cra·

60 2513 155 2593 tinus,
178 2520 208 2575 et
227 2510 407 2599 propositum
429 2516 548 2573 strenue
569 2516 739 2598 persecutus
762 2517 820 2573 est:
864 2510 917 2574 sed
945 2510 973 2574 si
999 2511 1093 2598 ipsam
1120 2513 1228 2575 verita·

61 2605 136 2677 tem,
176 2597 258 2660 cuius
280 2598 379 2682 imago
402 2595 498 2658 animo
521 2595 749 2675 obversabatur,
785 2594 876 2659 oculis
899 2595 1089 2677 subiecisset,
1122 2617 1228 2660 veren-

61 2681 130 2746 dum
151 2689 215 2745 erat
242 2703 281 2744 ne
302 2680 398 2743 taedio
421 2680 558 2743 obrueret
578 2701 629 2743 eos
657 2679 706 2763 qui
734 2686 915 2767 spectarent,
949 2680 1080 2766 nihilque
1105 2700 1228 2768 prorsus

61 2787 178 2846 eorum,
200 2786 274 2850 quae
295 2786 407 2828 summo
429 2764 524 2828 studio
545 2765 789 2852 persequebatur,
823 2765 981 2828 obtineret:
1009 2786 1099 2851 quare
1121 2766 1229 2830 eximia

60 2850 186 2936 quadam
207 2857 270 2913 arte
290 2849 421 2937 pulcram
442 2849 574 2935 effigiem
594 2849 773 2933 hilaremque
794 2849 918 2912 formam
940 2849 1043 2931 linxit,
1068 2850 1110 2914 ita
1131 2856 1229 2914 tamen

60 2943 94 2999 ut
127 2934 164 2999 ad
200 2934 354 2998 veritatem
387 2933 596 3018 sublimemque
634 2934 697 2997 eius
725 2934 852 3021 speciem
877 2934 1006 2997 referret
1030 2934 1141 2998 omnia:
1186 2935 1229 2997 sic

10 3078 12 3083 .
62 3040 128 3084 cum
148 3018 268 3083 ludicris
290 3018 406 3082 miscuit
427 3019 523 3099 seria,
556 3024 639 3082 utet
664 3017 931 3106 vulgushabere't,
964 3018 1013 3105 qui
1035 3018 1230 3084 delectaretur
1277 3065 1279 3069 -

62 3113 92 3170 et
113 3105 163 3189 qni
183 3103 248 3192 plus
269 3101 392 3190 ingenio
418 3103 567 3184 valerent,
605 3101 698 3191 ipsam
729 3103 900 3183 veritatem,
933 3125 1006 3187 quae
1035 3125 1074 3167 ex
1095 3101 1229 3167 omnibus

60 3189 228 3255 tabularum
252 3188 383 3277 partibus
409 3187 588 3275 perluceret,
628 3194 725 3252 mente
753 3195 783 3251 et
802 3188 981 3275 cogitatione
1003 3187 1229 3276 comprehende·

10 3298 13 3351 r
61 3280 140 3339 rent
183 3271 308 3337 Secutus
330 3280 376 3336 est
396 3273 488 3359 igitur
510 3271 650 3338 Cratinus
676 3273 706 3336 id
728 3273 840 3361 ipsum,
874 3272 950 3358 quod
975 3271 1062 3336 Plato
1088 3272 1231 3383 praecipit

10 3414 13 3421 .
63 3359 101 3424 de
121 3357 248 3445 Republ.
270 3357 338 3426 VII.
360 3379 389 3445 p.
410 3359 491 3423 8¹6:
512 3353 599 3421 ’Άνευ
619 3355 678 3440 γὰρ
699 3359 823 3441 γελοίων
843 3355 883 3420 τὰ
904 3358 1058 3420 σπουδαῖα
1080 3359 1130 3420 καὶ
1152 3382 1230 3420 παν-

62 3466 125 3507 των
146 3448 207 3505 τῶν
227 3443 370 3506 ἐναντίων
389 3441 429 3506 τὰ
450 3442 570 3505 ἐναντία
596 3448 711 3523 patero
734 3441 770 3506 οὐ
799 3439 938 3504 δυνατόν.
981 3443 1045 3506 Nec
1071 3441 1152 3529 fugit
1175 3443 1231 3506 hoc

10 3540 14 3617 ε,
64 3528 201 3614 autiquae
235 3527 403 3591 comoediae
436 3527 601 3592 institutum
633 3535 750 3591 veteres
782 3528 880 3616 ipsos,
923 3525 1007 3590 latuit
1039 3527 1230 3591 recentiores.

14 3634 17 3639 ·
63 3611 133 3678 Non
159 3619 254 3677 tauma
285 3612 508 3676 existimandum
531 3620 592 3694 est,
631 3611 783 3677 Cratinum
810 3611 897 3700 plane
918 3611 1087 3676 inusitatum
1108 3612 1166 3676 iter
1185 3612 1232 3676 in-

10 3682 14 3793 }
65 3696 241 3786 legavisse,
280 3697 414 3761 fecerunt
433 3696 510 3761 idem
532 3698 583 3762 alii
610 3697 700 3762 multo
728 3703 811 3777 ante,
848 3696 901 3760 sed
927 3697 1062 3789 fecerunt
1088 3697 1181 3761 nescii
1203 3704 1233 3761 et

64 3783 190 3848 obscuro
210 3781 335 3868 quodam
357 3803 446 3846 sensu
468 3781 565 3846 dach:
588 3780 728 3848 Cratinus
757 3782 872 3846 rabone
900 3788 930 3846 et
954 3778 1168 3869 intelligentia:
1202 3787 1233 3845 et

10 3796 18 3951 d
63 3867 119 3933 bac
144 3867 260 3953 quidem
287 3867 319 3931 in
346 3889 379 3930 re
405 3867 606 3932 Athenienses
634 3869 741 3931 ceteris
779 3868 912 3932 omnibus
940 3874 1113 3956 praestant,
1155 3865 1232 3952 quod

10 4000 16 4019 f
63 3960 163 4018 mente
185 3958 216 4015 et
231 3951 327 4015 intelli
352 3952 431 4015 enha
451 3952 568 4016 ultimas
590 3972 689 4017 rerum
720 3972 824 4017 causas
847 3952 1137 4041 comprehenderunt.
1181 3950 1232 4015 Ex

63 4037 100 4103 iis
121 4044 221 4103 autem
248 4036 298 4122 qui
324 3972 402 4101 idem
434 4036 596 4102 consilium'
619 4057 681 4102 non
708 4036 818 4127 dispari
844 4037 941 4101 forma
968 4037 1015 4100 usi
1042 4033 1135 4101 s'ecuti
1161 4037 1232 4118 sint,

21 4170 27 4183 .
81 4131 182 4205 taeter
204 4127 317 4185 ceteros
343 4120 539 4186 Archilochus
565 4121 760 4188 nominandus
788 4126 848 4202 est3
884 4121 955 4186 hinc
981 4122 1068 4186 etiam
1091 4116 1231 4188 Cratinus

60 4144 142 4275 hume
163 4214 194 4273 et
213 4206 424 4272 sententiatum
445 4207 607 4294 gravitate,
641 4214 671 4271 et
690 4208 846 4272 verborum
873 4207 1059 4291 maiestate„
1075 4213 1107 4270 et
1131 4226 1233 4355 regre-

59 4284 215 4361 amendi
241 4291 401 4357 acerbitate
435 4298 649 4381 saepenumero
685 4289 849 4357 aemulatus
876 4294 942 4356 err.
964 4314 970 4324 ·
995 4287 1141 4356 Testatur
1198 4310 1233 4354 cc

10 4408 13 4423 ι
483 4399 486 4405 ’
972 4397 987 4431 ᾗ

939 4393 960 4462 1
