2760 4792
137 232 203 298 230
514 226 914 297 COMMENTATIONES

139 398 186 463 lta
204 398 282 462 enim
302 398 376 462 haec
396 416 470 481 quae
500 395 576 483 apud
596 393 846 483 Hephaestionem
866 415 895 494 p.
917 394 979 459 129
1005 401 1036 459 et
1054 394 1239 460 Demetrium
1260 396 1310 461 le

141 484 245 548 elocut.
267 482 329 547 148
350 490 379 545 et
401 479 460 544 146
481 479 630 567 leguntur,
651 479 788 544 videntur
807 478 1016 543 contormaucla
1036 501 1113 544 esse.
1154 478 1308 545 Fortasse·

139 575 236 633 ontem
267 566 305 631 ad
333 563 480 630 Chirones
509 564 684 628 referendus
711 572 758 628 est
788 563 840 628 illo
866 584 989 645 versus,
1019 584 1103 649 quem
1129 562 1302 631 Scholiasta

139 650 242 717 Aristo
261 650 291 715 h.
312 649 422 734 Equitt.
443 670 472 713 v.
496 648 579 714 1284
599 647 702 712 affert:
784 672 788 679 ·

258 737 288 796 ol
310 732 537 814 Πολυμνήστει’
557 731 647 795 άείδει
666 729 816 813 μουσικὴν
836 753 869 794 τε
888 726 1050 809 μανθάνει.

140 819 275 907 Respicit
299 817 357 883 huc
376 817 502 882 Photius
529 840 557 905 p.
578 815 658 897 441,
682 818 716 880 1:
748 811 975 897 Πολυμνήστει’
1004 813 1129 879 δείδειν·
1156 816 1244 899 γένος
1270 838 1304 881 τι
1340 814 1343 821 '

139 906 333 985 μελοποιίας·
365 898 565 986 Κολοφώνιος
597 902 630 965 δὲ
656 896 673 964 ὅ
700 895 933 982 Πολύμνηστος.
975 899 1198 986 Polymnestum
1224 900 1316 967 hune·

142 988 355 1077 Colophonium
387 985 563 1051 Plutarchus
598 986 668 1050 dicit
705 984 832 1047 heroicis
871 991 901 1048 et
939 984 1080 1071 elegiacis
1123 984 1304 1051 carminibus

141 1073 243 1140 modos
270 1072 472 1159 adaptavisse,
498 1071 557 1135 vid.
584 1071 620 1133 de
641 1067 760 1133 Musica
786 1089 811 1132 c.
832 1070 868 1132 3:
896 1064 1029 1149 Ὁμοίως
1055 1068 1090 1132 δὲ
1112 1066 1304 1155 Τερπάνδρῳ

142 1160 267 1221 Κλονᾶν
285 1156 340 1221 τόν
360 1161 481 1239 πρῶτον
502 1150 730 1235 συστησάμενον
755 1151 827 1227 τοδς
848 1151 1038 1238 ,αὐλῳδικοὺς
1058 1150 1172 1232 νόμους
1190 1156 1244 1217 καί
1264 1152 1305 1217 τδ

142 1240 308 1327 προσόδια,
336 1241 468 1321 ἐλεγείων
487 1262 519 1302 τε
541 1240 591 1301 καὶ
618 1239 698 1301 ἐπῶν
718 1236 847 1318 ποιητὴν
866 1238 1030 1321 γεγονέναι·
1061 1240 1112 1301 καί
1132 1234 1305 1321 Πολόμνη-

142 1350 216 1390 στον
245 1323 297 1388 τὸν
324 1318 541 1408 Κολοφώνιον,
576 1321 630 1385 τδν
655 1321 731 1403 μετδι
767 1327 877 1385 τοῦτον
902 1318 1073 1405 γενόμενον,
1107 1332 1171 1397 τοῖς
1199 1322 1306 1399 αὐτοῖς

140 1406 322 1491 χρήσασθαι
343 1405 519 1487 ποιήμασιν.
548 1405 657 1471 Modus
679 1414 774 1470 auom
794 1406 863 1471 illos
884 1407 963 1470 tibiis
986 1407 1216 1472 accommodatos
1237 1428 1306 1473 esse

142 1494 220 1560 idem
247 1493 328 1556 iulra
354 1491 423 1558 σ.4
449 1492 613 1579 significat:
661 1490 700 1555 Oi
727 1491 760 1554 δὲ
786 1486 874 1569 νόμοι
903 1490 932 1554 οἳ
958 1490 1037 1554 κατά
1064 1488 1192 1567 τούτους
1218 1490 1306 1577 (quos

144 1584 419 1643 commemoraverat
442 1598 542 1664 supra,
564 1575 701 1656 Clonam,
722 1575 810 1653 alios)
833 1567 938 1658 ὦγαθὲ
954 1573 1182 1658 Ὀνησίκρατες,
1204 1576 1308 1665 αδλῳ-

144 1664 222 1725 δικοί
253 1653 344 1743 ἦσαν,
366 1658 561 1743 Ἀπόθετος,
586 1656 706 1747 ὑστέρῳ
739 1660 773 1723 δὲ
796 1656 898 1746 χρόνῳ
926 1661 977 1724 καί
1003 1660 1043 1723 τά
1068 1656 1308 1741 Πολυμνάστεια

144 1743 317 1827 καλοόμενα
337 1746 500 1830 ἐξευρέθη·
527 1745 556 1809 ol
577 1745 611 1808 δὲ
630 1750 685 1826 τῆς
705 1745 898 1830 κιθαρῳδίας
918 1741 1006 1822 νόμοι
1027 1743 1175 1829 πρότερον
1203 1750 1308 1897 mlx.

142 1824 861 1981 horta
885 1826 1310 1981 1111111

144 1938 189 2085 δῷ
215 1963 315 2085 ὀρθίῳ
345 2005 383 2084 τῇ
410 1936 760 2086 μελόόιηοίίῳςκέχρηταό,
779 1938 1173 2083 καθάπερμοῖςᾶρμοόικοί
1195 2020 1307 2085 φασιν·

145 2089 202 2149 οὒκ
228 2083 334 2165 ἔχομεν
359 2081 391 2146 δ’
415 2082 550 2167 ἀκριβῶς
574 2084 679 2145 εἰπεῖν·
713 2080 749 2143 οὗ
778 2080 836 2164 γάρ
864 2078 1018 2166 εἰρήκασιν
1040 2082 1069 2147 oi
1090 2082 1213 2168 ἀρχαῖοι
1241 2086 1309 2171 περί

144 2165 267 2234 τούτου.
309 2167 443 2232 Orthium
474 2166 590 2230 modum
623 2164 859 2251 aPolymnesto
890 2175 1060 2255 usurpatum
1090 2190 1159 2233 esso
1192 2168 1310 2241 alixem

145 2254 205 2317 iam
226 2272 315 2339 supra
336 2273 361 2315 c.
382 2252 418 2316 9:
437 2245 540 2314 Ἦσαν
561 2249 595 2312 δὲ
616 2248 645 2312 οἳ
671 2253 739 2334 περί
763 2246 909 2331 Θαλήταν
931 2274 963 2315 τε
985 2255 1036 2315 καὶ
1057 2250 1239 2333 Ξενόδαμον
1258 2254 1310 2319 κιιλ

145 2332 327 2420 Ξενόκριτον
353 2336 475 2416 ποιηταὶ
498 2330 660 2412 Παιόνων,
688 2333 717 2397 οἶ
744 2333 778 2397 δὲ
804 2337 871 2415 περί
898 2332 1138 2419 Πολύμνηστον,
1154 2344 1229 2403 aar
1256 2336 1310 2425 δρ-

144 2422 225 2484 θίων
244 2418 456 2500 καλουμένωνι
483 2419 594 2507 primus
623 2420 700 2483 enim
723 2427 824 2484 auctor
843 2419 931 2484 huius
953 2420 1031 2486 modi
1052 2422 1150 2501 fuerat
1170 2422 1318 2513 Tarpam.

145 2504 218 2571 cler:
239 2503 449 2590 Polymnestus
469 2524 553 2586 vero,
574 2504 632 2569 etsi
653 2501 855 2592 aTerpanclri
876 2506 1011 2592 exemplo
1032 2507 1153 2573 multum
1173 2506 1311 2573 cliscossh

146 2610 359 2739 ttttttt
384 2589 1168 2753 111111911“λήί“ίῗ“ῗιλλῗ“λῗλ““
1184 2592 1312 2743 εἷδῗλ

148 2721 374 2841 Τερπάνδρειολ
398 2753 513 2843 τρόπον
538 2760 588 2819 καί
616 2746 642 2843 ᾧ
670 2752 819 2840 ἐχρήσατο
846 2760 897 2821 καί
928 2700 1022 2834 crille
1045 2702 1313 2843 ptnoalpoama

146 2849 203 2908 τοῦ
234 2846 329 2906 καλοῦ
357 2837 469 2919 τόπου,
497 2837 646 2916 ὡσαύτως
676 2842 709 2905 δὲ
743 2846 793 2905 καί
824 2838 971 2924 Θαλήτας
996 2847 1047 2907 καί
1073 2841 1230 2921 Σακάδας.
1273 2846 1313 2913 cl.

146 2926 1314 3099 λζῗέλξῗλλλλίοόδόλιάλόωλδλπλῗιλλλλῖιθλλξλᾚαόζ

421 3060 428 3076 ·
468 3060 475 3075 ·
1173 3062 1183 3092 2

146 3121 199 3172 τος
225 3101 281 3160 τοῦ
302 3097 506 3180 Κολοφωνίου
533 3093 615 3160 υἱόν·
644 3093 679 3158 δν
699 3092 926 3180 Πολόμνηστόν
953 3122 986 3161 τι
1013 3102 1064 3161 καὶ
1084 3096 1314 3183 Πολυμνήστην

146 3182 260 3256 νόμους
280 3186 405 3262 ποιήσαι
427 3189 457 3246 et
476 3181 563 3270 paulo
584 3188 667 3270 post:
691 3185 757 3245 Τοῦ
780 3182 814 3246 δὲ
833 3178 1060 3265 Πολυμνήστου
1082 3187 1133 3247 καὶ
1154 3186 1315 3271 Πίνδαρος

148 3268 198 3330 καί
222 3262 379 3347 Ἀλκμάν,
411 3266 440 3330 ol
472 3271 534 3330 τῶν
564 3271 665 3346 μελῶν
699 3267 837 3349 ποιηταί,
871 3252 1108 3348 ἔμνημόνεάσαν.
1162 3268 1314 3335 Pindarus

148 3352 224 3499 ‹1l3icto
231 3351 343 3499 lpplliqno
364 3352 450 3417 huius
471 3359 575 3440 poetae
598 3372 668 3416 usus
690 3373 757 3416 esse
779 3351 906 3435 videtur,
929 3353 988 3417 vicl.
1000 3352 1123 3441 Fragm.
1137 3354 1194 3420 inc.
1210 3354 1315 3421 aaut.

178 3456 250 3501 oec'
277 3461 299 3501 .:
891 3459 894 3467 ·

235 3520 370 3604 Φθόγμα
400 3521 456 3600 μὲν
488 3517 651 3605 πάγκοινον
683 3518 815 3603 ἔγνωκας
846 3518 1076 3629 Πολυμνάστου
1109 3524 1315 3611 Κολοφωνίου

148 3686 243 3752 Erant
253 3695 348 3753 autem
359 3690 433 3753 haec
442 3690 572 3754 carmina
583 3690 745 3753 leviuscula
755 3632 907 3755 anamael
906 3609 1088 3779 pllillimum
1099 3713 1193 3777 eaque
1203 3692 1317 3759 lascivo

148 3795 203 3836 nec
225 3773 297 3838 satis
319 3773 441 3855 decora,
472 3774 689 3860 carminumque
710 3782 884 3859 argumento
906 3777 984 3841 mooli
1007 3797 1119 3861 quoque
1141 3779 1317 3845 convenisse

148 3857 299 3938 videntur,
326 3858 424 3942 itaque
452 3878 638 3944 quaecunque
666 3859 796 3923 carmina
823 3866 925 3924 essent
949 3862 1027 3927 iusto
1054 3861 1168 3927 leviora
1193 3871 1246 3927 aut
1264 3862 1315 3929 olo-

148 3963 273 4023 scoena,
296 3942 507 4027 Polymnestea
524 3951 629 4008 vocata
650 3951 734 4009 sunt:
757 3965 847 4029 quare
867 3944 1085 4035 Aristophanes
1106 3947 1138 4010 iu
1160 3946 1316 4033 Equitihus

147 4048 176 4091 v.
199 4028 282 4091 1280
303 4026 500 4114 Ariphradem
522 4031 665 4094 acerrime
685 4029 865 4111 insectatum,
887 4031 963 4114 qnocl
985 4030 1056 4095 talia
1077 4042 1247 4121 componat:

224 4108 335 4173 ’Ἔστιν
356 4103 410 4174 οὖν
431 4112 566 4198 ἀδελφὸς
587 4114 672 4198 αὐτῷ
694 4112 767 4189 τοὺς
788 4110 922 4200 τρόπους
943 4115 980 4179 οὐ
1002 4113 1154 4199 συγγενής,

229 4192 431 4281 Ἀριφράδης
451 4195 600 4283 πονηρός·
621 4197 703 4264 ἀλλά
724 4203 816 4263 τοῦτο
836 4200 893 4279 μὲν
914 4203 964 4263 καὶ
985 4200 1141 4277 βούλεται,

225 4276 319 4344 ’Ἔστι
338 4279 372 4345 δ’
397 4280 433 4346 οδ
454 4283 550 4363 μόνον
570 4278 721 4369 πονηρός,
744 4282 779 4347 οὔ
801 4281 861 4369 γάρ
884 4284 953 4349 οὐδ’
976 4282 1014 4348 clo
1033 4282 1189 4371 ᾐσθόμην,
