2760 4792
156 226 220 285 aaz
544 204 947 280 cobffluu‘rl'rlouus

155 381 222 447 albo
252 379 365 447 αὐτοῦ·
407 380 572 467 {saporivae
600 377 634 443 δέ
662 367 762 457 οὗτοι,
794 373 877 454 ὅπως
903 375 941 442 ἂν
967 378 1049 441 δοῖεν
1078 380 1135 461 τῆς
1161 382 1324 463 περικοπῆς

155 467 314 554 τιμωρίαν.
356 467 396 530 El
417 459 485 542 οὖν,
515 462 624 552 φησίν,
652 460 757 539 balda
778 462 875 528 αδτοῦ
901 468 956 528 τοῦ
978 462 1094 527 Πισίοιι
1122 460 1229 542 ὅμοιος
1249 458 1326 529 albei

154 549 299 634 βούλεται
318 556 363 640 τῷ
384 553 492 637 πατρί,
513 548 649 635 γενέσθω
670 548 789 634 Πέρδιξ
808 554 993 634 πανοῦργος.
1022 549 1176 633 Κρατῖνος
1194 550 1323 635 Χάρισι

157 639 358 723 (Χείρωσιν)·

239 723 305 787 Καὶ
316 725 423 806 πρῶτα
432 718 488 800 μὲν
499 710 553 783 adv
563 716 648 803 παρὰ
658 718 845 783 νααταδιιιῶν
857 712 966 801 ἇπᾶγω
975 714 1047 803 τρία
1058 712 1188 781 κνώδαλ’
1199 714 1322 803 ἀναιδῆ,

240 808 370 884 Πισίαν,
388 799 573 890 'Orodem
594 803 756 888 Διϊτρίφη.

154 888 281 959 Versum
308 893 436 979 priorem
465 890 595 954 hiantem
620 887 813 976 probabiliter
837 885 1056 973 redintegrauit
1081 883 1256 951 Meinekius
1286 886 1322 953 ud

154 974 352 1041 Menandrum
373 997 401 1063 p.
413 976 466 1056 70,
487 976 600 1038 inserta
620 973 763 1061 particula
784 963 850 1048 οὗν,
871 971 1028 1059 legebatur
1048 970 1126 1035 enim
1148 972 1200 1035 καὶ
1215 976 1322 1053 πρῶτα

147 1060 211 1142 -μέν
236 1059 321 1146 παρὰ
353 1084 440 1123 vaur.
481 1059 636 1123 Porsonus
667 1058 700 1122 in
731 1056 859 1122 Advers.
887 1077 916 1144 p.
942 1054 1007 1121 284
1038 1060 1161 1137 πρῶτον
1193 1056 1322 1207 scripsit.

152 1144 287 1210 Disserit
307 1144 343 1209 de
364 1145 412 1208 bis
432 1144 569 1208 versibus
591 1142 747 1207 Hanovius
768 1163 797 1230 p.
818 1143 878 1223 58,
905 1140 958 1206 sed
979 1141 1056 1226 quod
1076 1140 1228 1205 existimat
1270 1162 1322 1207 aee

153 1233 212 1295 tria
238 1230 358 1295 nomina
383 1251 401 1292 a
422 1226 589 1292 Scholiasta
614 1229 748 1330 prolecta
775 1247 859 1307 esse,
888 1226 938 1310 qui
966 1246 1041 1310 quae
1067 1224 1144 1313 apud
1165 1222 1321 1291 Cratinum

153 1315 186 1378 in
212 1314 279 1379 aliis
307 1313 442 1377 versibus
468 1314 516 1377 vel
542 1313 666 1377 iambico
693 1311 742 1376 vel
770 1311 917 1375 trochaico
944 1317 1037 1374 metro
1063 1310 1181 1398 seriptis
1212 1312 1322 1377 tradita

154 1407 271 1480 essent,
292 1399 341 1462 hie
362 1404 511 1462 contracta
533 1397 706 1477 subiecerit,
726 1395 758 1459 id
779 1416 850 1459 vero
872 1393 1047 1480 longissime
1068 1416 1087 1459 a
1106 1395 1322 1485 probabilitatis

154 1483 252 1572 speeie
273 1483 426 1547 abhorret:
454 1504 522 1546 nam
544 1489 614 1545 sunt
633 1482 707 1545 haee
727 1482 821 1568 ipsius
842 1477 960 1544 Cratini
980 1480 1088 1561 verba3
1118 1479 1196 1543 alter
1215 1502 1323 1547 versure

154 1566 382 1653 estGlyeoneus
404 1566 566 1656 praemisso
582 1565 716 1631 Cretico:
739 1564 903 1653 exemplum
925 1563 1323 1653 simillimumsuppeditabit

153 1672 278 1733 versus,
305 1652 342 1715 de
369 1673 425 1737 quo
452 1673 522 1717 mox
548 1650 677 1715 dicetur:
722 1650 857 1715 solebant
877 1655 973 1713 autem
995 1648 1098 1713 eomiei
1122 1656 1229 1737 poetae
1250 1672 1323 1715 aaa·

151 1745 271 1837 paestos
291 1757 499 1822 nonnunquam
529 1757 594 1801 eum
625 1736 692 1800 aliis
713 1735 844 1798 numeris
865 1732 1058 1800 consociare?
1086 1732 1131 1798 At
1149 1732 1323 1821 illndpafi·
1353 1746 1368 1773 ’-

151 1820 316 1886 insolenter
343 1821 450 1886 dictum
477 1827 523 1886 esl
553 1820 639 1906 παρὰ
664 1822 852 1884 ναυτοδικῶν
877 1814 1000 1901 ἇπᾶγω,
1033 1816 1139 1883 abduci
1171 1818 1253 1885 onim
1282 1820 1322 1887 ad
1373 1888 1378 1897 ,

151 1904 264 1970 iudices
288 1927 387 1971 rerum
419 1906 567 1970 navalium
593 1926 702 1994 pravos
732 1907 805 1969 istos
840 1904 972 1969 homines
998 1910 1229 1969 consentaneum
1257 1913 1322 1969 est:

152 1991 334 2055 conieceram
354 1992 447 2077 igitur
467 1990 537 2054 olim
557 1985 661 2074 παρὰ
682 1989 913 2064 ναυτοδίκας
939 1987 1125 2052 scribendum
1152 2008 1238 2069 esse3
1265 1990 1321 2055 sed
1365 2048 1375 2059 .

150 2076 253 2139 neseio
285 2096 324 2138 an
355 2076 433 2139 forte
465 2075 498 2138 in
532 2094 668 2138 sermone
699 2072 814 2136 lorensi
844 2073 1033 2160 praepositio·
1051 2069 1137 2155 παρὰ
1170 2073 1322 2161 singulari

150 2159 275 2243 quodam
301 2157 387 2223 modo
412 2158 455 2222 ita
481 2177 547 2221 eum
572 2157 704 2244 genitivo
728 2157 820 2221 fuerit
840 2157 1023 2238 eoniuneta,
1057 2156 1217 2243 videorque
1233 2158 1321 2237 mibi

150 2264 212 2308 non
232 2242 376 2306 dissimile
396 2241 562 2329 exemplum
586 2262 620 2304 re
641 2242 736 2305 misse
756 2241 788 2304 in
809 2241 908 2323 titulo,
938 2244 987 2327 qui
1008 2247 1055 2306 est
1084 2242 1160 2331 apud
1181 2240 1346 2325 lloe'eklr.'¹

151 2326 242 2415 Corp.
263 2324 357 2390 lnser.
378 2326 403 2390 1.
429 2326 486 2391 Nr.
506 2326 564 2389 70:
631 2328 663 2389 ul
696 2322 873 2410 παραδώσω
903 2325 988 2411 παρὰ
1021 2331 1084 2389 τῶν
1114 2324 1255 2393 eddim
1279 2326 1321 2393 τδ

149 2415 304 2492 καθῆκαν,
329 2417 360 2476 et
384 2410 479 2475 infra:
499 2405 591 2475 Ὅτι
613 2407 651 2474 dv
677 2416 739 2474 τῶν
765 2417 874 2475 κοινῶν
899 2409 944 2494 μὴ
971 2409 1128 2475 ἀποδῶσιν
1148 2410 1235 2491 παρὰ
1254 2418 1321 2479 τῶν

149 2493 299 2560 ιδθδνων.
320 2495 371 2559 ubi
391 2493 468 2579 πρὸς
483 2494 556 2570 τοὺς
576 2491 726 2572 εὐθύνους
737 2504 975 2585 exspectaveras,
996 2504 1029 2560 ut
1049 2496 1318 2565 resilitum:

147 2583 214 2645 Kal
241 2575 331 2665 λόγον
351 2577 497 2644 διδόντων
522 2585 585 2644 τῶν
604 2603 636 2646 τε
659 2576 754 2644 ὄντων
776 2579 945 2665 χρημάτων
965 2583 1017 2644 καὶ
1046 2586 1107 2644 τῶν
1127 2578 1342 2665 προσιόντων·

147 2674 213 2742 τοῖς
237 2670 323 2740 θεαῖς
348 2666 399 2728 uel
425 2661 478 2729 δάν
504 2688 534 2728 τι
561 2662 760 2748 δναλδσιιηται
787 2664 866 2729 κατὰ
892 2664 947 2731 τδν
974 2664 1113 2729 ἐνιαυτὸν
1139 2666 1218 2753 πρὸς
1241 2666 1343 2745 τοδς-,

52 2756 54 2764 ’
148 2750 300 2829 λογιστάς.
324 2750 442 2814 uidetur
472 2757 568 2814 autem
595 2751 744 2837 genitivus
770 2750 821 2815 ille
842 2772 882 2815 ex
902 2751 1001 2839 ellipsi
1020 2750 1143 2836 quadarn
1163 2752 1338 2853 profectus,

149 2856 227 2899 esse.
271 2833 343 2899 Alia
368 2834 520 2921 exempla,
550 2854 625 2919 quae
653 2837 782 2900 sortasse
812 2835 876 2919 quis
909 2856 948 2898 ex
974 2837 1092 2922 graecis
1120 2836 1326 2926 scriptoribus·

147 2927 311 3008 comparet,
332 2920 430 2983 sciens
450 2926 622 3008 praetereo,
641 2920 777 3007 quoniam
798 2918 993 2983 dissimillima
1013 2926 1093 2985 sunt.

234 3001 351 3069 Chorus
377 3010 474 3068 autem
501 3001 665 3069 Chironum
690 3006 755 3069 sive
776 3002 870 3069 Solon
896 3006 961 3068 sive
987 3004 1062 3068 elius
1075 3004 1155 3089 ,quis
1181 3004 1256 3071 haee
1277 3026 1323 3073 eo·

147 3088 270 3152 oonsilio
292 3095 410 3171 monet,
432 3095 464 3153 ut
483 3088 557 3153 istos
578 3089 712 3155 homines
734 3110 773 3153 ex
794 3090 911 3153 civitate
932 3089 1132 3154 exturbandos
1153 3110 1223 3155 esee
1243 3112 1317 3157 oen-

147 3178 222 3253 seat,
243 3173 271 3236 si
291 3173 405 3257 quidem
427 3174 644 3260 rempublicam
666 3175 777 3238 salvam
798 3174 1002 3258 intentamque
1014 3174 1107 3239 velint
1116 3194 1314 3241 conservare:

146 3256 353 3405 {impudenlilpm
381 3266 476 3359 autem
503 3258 712 3403 apdaciarpque
742 3226 917 3365 effrenalam
941 3260 1062 3407 iptorum
1089 3259 1240 3325 bominum
1264 3259 1357 3327 iri-⁸

145 3342 525 3491 illlrlvlldllullidelerbrlgrulrl
538 3346 700 3493 lral'valllll
715 3342 1089 3508 alelllllldolhllseluldll
1100 3342 1316 3529 tppplllpmfilssl

145 3510 788 3661 {illddllltl,llltddlll
801 3512 946 3662 llll·
959 3513 1323 3663 llll'ld‘ldll'l‘·

144 3699 240 3764 neque
260 3616 471 3743 lero'aliunde
491 3680 629 3745 advectos
650 3702 718 3746 esse
739 3610 1315 3769 gloriarenturlpaegerrimepseiellll}

144 3764 346 3851 siperegrini
365 3763 499 3828 homines
525 3765 557 3828 in
584 3766 785 3831 civitatense
816 3768 1057 3833 insinuavissenl.
1097 3767 1163 3833 Neo
1188 3768 1312 3835 uirum:
1373 3802 1377 3809 ·

145 3847 254 3913 Graeci
274 3847 369 3928 enim,
400 3869 464 3912 oum
489 3849 546 3913 hoe
566 3858 668 3915 essent
690 3852 828 3938 ingenio,
858 3852 913 3916 bac
939 3862 1060 3933 natura,
1089 3860 1122 3917 ul
1149 3852 1312 3919 domestica

144 3931 272 3996 maxime
283 3952 318 3996 ao
329 3953 383 3995 sua
396 3932 622 4016 admirarentur,
634 3936 808 4024 diligerent,
821 3948 968 4019 amarent,
979 3938 1077 4003 omnia
1086 3938 1270 4025 respuebant
1280 3946 1311 4005 et

141 4017 346 4118 improbabant
384 4038 441 4082 uae
461 4018 580 4085 aliunde
601 4021 723 4086 advecta
743 4030 794 4087 aut
812 4022 967 4111 importata
987 4030 1082 4105 erant,
1103 4030 1154 4087 aut
1174 4023 1202 4087 si
1244 4044 1309 4089 ore·

141 4102 225 4189 gurni
250 4102 320 4201 puid
345 4036 550 4186 adsciverunt,
583 4105 625 4169 ita
650 4113 749 4171 tamen
772 4107 977 4190 immutarunt,
1004 4108 1184 4189 formarunt,
1211 4044 1308 4173 llus-

140 4192 225 4268 runl,
251 4209 311 4252 uam
337 4193 369 4252 ut
394 4209 456 4254 non
481 4189 611 4256 ιιΙὶωιιιιιι
632 4197 683 4256 ant
701 4192 908 4282 peregrinum,
934 4192 987 4259 sod
1014 4213 1188 4281 germanum
1209 4200 1306 4259 esset:

140 4272 268 4339 maxime
298 4293 372 4341 vero
396 4273 601 4342 Aduenienses
632 4296 820 4365 quaeeunque
846 4277 1028 4347 incrementa
1056 4277 1092 4344 ab
1124 4276 1305 4367 alienigenis
