2760 4792
114 258 179 325 356
503 244 913 320 COMMENTATIONES

135 420 358 487 euleiuvisum
371 417 710 505 reddere,qnolacillius
723 412 952 482 illoinexilium
992 416 1001 432 ⁰
1074 415 1142 507 ipse
1155 414 1282 483 civitatis

114 442 246 572 liabenas
266 510 390 572 teneret
430 504 609 569 Plutarchus
630 504 682 568 vic
703 502 808 567 Niciae
829 524 854 566 c.
877 503 932 566 11:
959 434 1078 583 lime
1096 502 1150 567 καί
1164 498 1284 587 Ὕπίρ-

112 597 207 673 βολος
232 587 248 654 ὃ
275 588 485 675 Περιθοίδης,
516 586 685 673 ἄνθρωπος
709 585 767 652 ἀπ’
796 584 942 667 οδδεμιᾶς
966 589 1089 667 τολμῶν
1114 580 1282 669 deffleat,

113 673 183 740 ἀλλ’
206 671 267 739 δπδ
288 681 345 740 τοῦ
366 678 483 755 τολμᾶν
503 675 547 751 είς
567 669 698 753 δύναμιν
717 666 894 756 προελθών,
915 670 966 734 καί
986 670 1158 754 γενόμενος,
1180 668 1223 735 δι’
1245 668 1283 755 ἢν

113 758 189 842 είχεν
215 762 248 825 ἐν
273 764 311 845 τῇ
338 754 423 823 πίλα
452 753 558 835 δόξαν,
585 756 694 833 ἀδοξία
721 763 777 839 τῆς
803 751 927 831 πόλεως.
973 746 1073 832 Οδτσς
1093 756 1127 821 έν
1146 758 1194 907 τῇ
1213 752 1282 821 τδτι

110 842 212 931 χρόνῳ
244 849 300 908 seii
331 843 387 925 μέν
413 841 564 927 ὀστράκου
595 837 700 925 πόρρω
733 840 891 922 τιθέμενος
918 836 1047 920 ἔαυτόν,
1089 837 1143 905 ὅτε
1191 838 1211 925 ἢ
1237 844 1282 931 τῷ

113 927 231 1016 κύφωνι
251 933 369 1010 μᾶλλον
391 924 561 1012 προσήκων,
584 927 709 1005 ἐλπίζων
722 926 757 990 δέ
771 925 908 1007 θατέρου
919 930 981 989 τῶν
998 924 1120 1011 ἀνδρῶν
1139 920 1283 991 leandr-

110 1040 180 1092 τος,
209 1012 302 1089 αὐτὸς
322 1012 487 1087 ἀντίπαλος
507 1017 552 1098 τῷ
573 1009 739 1096 λειπομένῳ
765 1010 923 1094 γενέσθαι,
950 1008 1130 1097 καταφανὴς
1147 1002 1189 1095 ἦν
1207 1006 1282 1093 ἥδέ-

110 1096 200 1182 μενός
220 1123 253 1162 τε
278 1103 317 1183 τῇ
344 1098 481 1185 διαφορᾷ
511 1099 562 1159 καί
589 1092 768 1178 παροξύνων
793 1099 848 1159 τὸν
875 1097 975 1177 δῆμον
1001 1094 1052 1160 ίπ*
1075 1092 1281 1245 ίιμὲοτέρους.

111 1185 149 1249 cf.
175 1185 228 1248 vib
254 1181 419 1248 Alcibiadis
448 1202 473 1245 c.
497 1182 546 1245 13.
595 1180 734 1245 Tandem
763 1186 898 1269 repertus
924 1187 987 1262 cst,
1029 1182 1079 1266 qui
1234 1180 1280 1247 olo

110 1269 222 1333 diceret
242 1289 276 1331 se
297 1265 408 1331 vidisse
428 1263 559 1343 Niciam3
587 1265 668 1329 cuius
691 1287 798 1329 scenae
818 1272 931 1353 partem
952 1266 1084 1331 servavit
1102 1264 1279 1331 Putarcbro

110 1354 161 1418 vit.
181 1353 287 1416 Niciae
318 1373 342 1415 c.
364 1349 400 1415 4:
428 1346 467 1413 ‘O
488 1346 519 1413 δ’
542 1346 597 1412 ὑπ’
622 1346 795 1425 Εὐπόλιδος
821 1345 1117 1436 κωμῳδούμενοςίν
1135 1356 1182 1439 τῷ
1203 1352 1280 1415 Μο-

164 1502 543 1604 m,
556 1430 1004 1604 {aesetmabatur
1023 1434 1118 1521 b·

193 1608 234 1669 Β.
268 1603 334 1669 Οὐκ
356 1597 451 1680 είδον,
475 1606 501 1666 εί
520 1601 565 1685 μὴ
580 1601 705 1688 ”ναγχος
721 1544 834 1669 ‘siccate'
859 1604 891 1667 έν
912 1544 1023 1694 elpidii·

192 1692 278 1754 MA.
299 1684 391 1774 Ἀνὴρ
413 1684 558 1771 ὁμολογεῖ
572 1690 686 1753 Νικίαν
707 1687 875 1775 ἑορακέναι.

191 1777 232 1838 Β.
253 1775 321 1838 Καί
339 1797 386 1837 τοι
407 1774 440 1838 τί
456 1771 572 1853 μαθών
592 1770 631 1837 do
652 1770 748 1853 εἶδον,
769 1777 796 1838 εί
814 1772 860 1857 μὴ
881 1768 1068 1859 προῦδίδους
1158 1800 1162 1806 ·

192 1861 277 1923 MA.
301 1853 482 1937 Ἠκούσατ’,
508 1850 720 1940 ὦσυνῆλικες,

188 1941 258 2006 Ἐπ’
284 1939 459 2029 αδτοφιῦρω
479 1945 592 2007 Νικίαν
613 1942 801 2027 εἰλημμένον.

192 2030 233 2092 Β.
254 2024 359 2109 Ὑμεῖς
379 2006 455 2111 pcipi,
483 2018 508 2090 eb
531 2034 764 2136 φρενοβλαβεῖς,

192 2108 331 2193 Λιίβοιτ’
356 2109 394 2175 δν
416 2110 507 2197 ἄνδρ’
532 2137 658 2195 αριστον
678 2116 711 2177 έν
731 2117 815 2200 κακῷ
836 2133 911 2193 τινις

108 2196 206 2267 Versu
235 2204 338 2282 quarte
369 2197 429 2259 seri
449 2197 476 2260 si
504 2192 583 2260 εἶδον
608 2218 662 2286 pre
690 2218 742 2279 eo,
776 2198 853 2282 qued
878 2196 970 2284 vulgo
1001 2193 1160 2283 legebatur
1184 2190 1273 2260 είδινι

108 2287 230 2370 apparet
257 2281 336 2345 enim
363 2219 488 2345 eundem
510 2281 602 2345 'ustum
629 2283 776 2346 hominem
801 2304 858 2371 pau
879 2302 960 2349 erem
986 2280 1078 2365 loqui:
1106 2300 1274 2367 quamquam

108 2365 255 2431 sententia
282 2370 328 2429 est
355 2365 548 2430 subobscura:
582 2366 699 2431 videtur
724 2373 820 2431 antem
849 2303 901 2432 ille
928 2363 1097 2451 προύδίδου
1123 2386 1161 2431 eo
1186 2384 1275 2431 εοιιειι

106 2450 231 2531 dixisse,
253 2456 284 2513 ut
304 2450 344 2513 sit
364 2465 444 2514 ante
466 2456 568 2515 dare:
591 2473 659 2515 uam
681 2453 718 2516 eb
739 2452 795 2517 hoc
814 2452 910 2540 ipsum
931 2450 1109 2516 Plutarchus
1121 2448 1274 2539 Eupolidis

105 2535 242 2599 versibus
268 2535 375 2616 utitur,
408 2542 440 2599 ut
467 2535 647 2601 demonstret
673 2537 778 2601 Niciae
806 2558 881 2624 erga
907 2542 1027 2601 cunctos
1054 2534 1272 2601 liberalitatem:

105 2621 148 2683 ita
170 2620 248 2683 cuim
274 2620 391 2683 scribit:
436 2622 500 2682 Καί
532 2627 654 2702 πλῆθος
674 2617 877 2706 ἀνδραπόδων
903 2618 1027 2707 έτρεφεκ
1053 2614 1183 2699 αὗτίθι,
1224 2618 1274 2685 καί

104 2708 160 2785 τῆς
188 2703 294 2780 οὐσίας
321 2705 352 2767 έν
380 2702 514 2789 ἀργυρίῳ
540 2705 575 2770 τὸ
602 2711 742 2770 πλεῖστον
768 2702 857 2788 εἶχεν·
901 2704 975 2770 ὅθεν
1002 2702 1058 2770 σιἰκ
1085 2700 1181 2788 ὀλίγοι
1208 2704 1273 2789 περί

106 2786 201 2852 αὐτὸν
220 2780 300 2869 ἦσαν
321 2791 476 2863 αίτοῦντες
496 2791 546 2852 καί
568 2786 791 2870 λαμβάνοντες·
819 2791 921 2855 tettae
941 2788 1001 2876 γὰρ
1022 2787 1080 2873 οὔχ
1099 2778 1193 2871 ἦττον
1211 2796 1273 2865 τοῖς

105 2877 207 2948 κακῶς
239 2881 335 2936 ποιεῖν
366 2871 558 2953 δυναμένοις,
591 2873 611 2957 ἢ
638 2885 702 2952 τοῖς
729 2868 761 2940 εὗ
793 2870 920 2957 πάσχειν
950 2873 1056 2951 ἀξίοις.
1097 2876 1164 2939 Καί
1197 2868 1273 2951 ὅλοις

106 2953 259 3043 πρόσοδος
284 2948 322 3038 ἦν
344 2956 440 3021 αὐτοῦ
468 2966 531 3033 τοῖς
551 2984 583 3023 τε
612 2969 756 3045 πονηροῖς
781 2956 801 3043 ἢ
823 2960 933 3038 δειλία,
959 2961 1011 3024 καί
1036 2966 1101 3035 τοῖς
1127 2984 1152 3043 χ
1191 2966 1274 3035 orode

105 3038 377 3128 ἡφιλανθρωπία.
416 3044 541 3122 Λαβεῖν
561 3043 596 3108 δί
616 3049 684 3128 περὶ
705 3041 821 3109 τούτων
840 3046 1015 3130 μαρτυρίαν
1034 3046 1086 3108 καί
1106 3068 1171 3131 παρ
1212 3048 1273 3109 τῶν

104 3132 245 3207 κωμικῶν
256 3128 330 3191 ἐστι.
352 3126 484 3191 Maricas
506 3136 602 3194 autem
621 3129 696 3196 illud
718 3131 838 3197 verbum
859 3152 951 3196 sensu
971 3128 1092 3217 vulgari
1106 3132 1271 3209 prode-dt

104 3213 236 3300 accepit,
257 3219 287 3275 et
308 3210 453 3276 exclamat
472 3212 545 3277 ista:

185 3292 365 3373 Ἡκοιίσατ’,
387 3287 413 3359 ὦ
434 3294 601 3379 συνήλικες,
722 3354 726 3363 .

183 3378 254 3446 Ἐπ’
279 3376 453 3469 αὐτοφώρῳ
473 3384 587 3447 Νικίαν
608 3383 796 3466 εἰλημμένον.

104 3465 260 3530 Postremo
280 3486 352 3529 vere
373 3463 566 3566 Hyperbolus
588 3467 702 3532 videtur
722 3470 759 3535 ab
781 3468 953 3534 adversario
979 3472 1134 3557 superatus
1154 3486 1224 3533 csse
1243 3470 1274 3531 et

103 3550 204 3639 pepuli
224 3550 322 3637 gratia
343 3550 506 3650 excidisse,
546 3573 649 3652 uersus
670 3559 702 3618 ut
722 3552 818 3619 Cleon
839 3554 916 3654 apud
927 3551 1184 3655 ,Aristophanem
1205 3570 1273 3617 uum

100 3656 193 3784 bb
208 3636 1095 3810 illidiidvff'tadiihbmeicbliiilzdliid‘li
1109 3634 1274 3811 elffii
1316 3732 1320 3739 ·

105 3816 203 3901 ὄνομα
225 3816 277 3880 διὰ
296 3823 353 3881 τοῦ
374 3807 410 3883 sc
429 3824 572 3903 κλιθῆναι
593 3822 679 3907 λέγει,
701 3823 890 3909 παραφέρων
906 3828 1018 3909 χρῆσιν
1037 3816 1180 3906 ταύτην·

184 3900 268 3966 Ἀλλ’
292 3893 347 3964 οὖν
367 3901 461 3989 ἴγωγί
478 3930 530 3971 σοι
551 3907 627 3992 λέγω
648 3911 838 3994 Μαρικᾶιτα
858 3907 903 3991 μὴ
923 3904 1069 3986 κολάζειν.

106 4008 171 4052 eum
201 3993 271 4073 puto
295 3986 412 4054 Niciam
439 3988 554 4074 dicere,
586 4014 710 4080 poenam
738 3994 958 4082 deprecantem,
1006 4014 1071 4075 uam
1096 3990 1130 4057 fl

105 4070 342 4161 Populusvoluit
361 4074 400 4139 im
422 4094 527 4140 encre:
549 4077 626 4162 qued
646 4079 770 4179 egregie
786 4078 924 4160 convenit
944 4012 1026 4141 molli
1046 4082 1134 4177 atpue
1165 4095 1272 4143 umuuo

103 4156 226 4243 ingenie
246 4156 359 4221 Niciae.
401 4095 444 4222 bi
489 4182 524 4224 us
545 4168 610 4242 est,
631 4182 681 4246 qur
701 4171 884 4251 comparetur
905 4161 1117 4251 Aristophane
1136 4160 1220 4227 locus
1238 4160 1272 4227 in

103 4239 272 4389 ldquitibupu
279 4261 309 4305 v.
320 4242 416 4393 1598,
438 4265 456 4307 u
476 4244 488 4307 i
507 4245 621 4311 Demus
643 4267 683 4310 ex
695 4246 874 4336 Agoracrito
896 4245 1020 4335 quaerit,
1040 4265 1127 4332 qnam
1145 4266 1272 4335 poem

104 4344 241 4407 commem
273 4345 337 4389 ssu
410 4347 481 4392 eon:
