2768 4770
315 205 375 275 nn
394 147 539 286 uculo
558 206 746 283 COMOED.
766 208 872 279 ATT.
893 210 1038 287 saulo.
1187 216 1251 287 stt

86 377 1263 554 κακίων·κακίωκοκκκὲαονωἑοὶ

86 557 181 617 strum
202 548 299 629 ferre,
320 567 442 612 uxorem
464 546 500 613 de
521 555 597 613 tecto
617 553 761 635 spectare.
802 546 863 612 Sed
883 549 1021 615 videntur
1041 551 1128 617 etiam
1147 555 1253 640 postea

86 633 179 724 prisci
208 630 289 696 illius
315 631 406 695 moris
435 631 564 718 vestigia
590 631 730 716 quaedam
747 632 924 698 ¹comoediae
947 635 1123 784 perfectiori
1149 638 1251 703 inhae·

86 720 181 799 uisse;
209 716 279 781 inde
299 716 378 781 enim
404 716 594 803 repetendum
614 716 731 782 ridetur
751 715 918 783 indecorum
948 718 1020 785 'lud
1045 722 1251 809 spectaculum,

97 803 166 873 nod
186 799 399 889 Aristophanis
419 821 532 885 quoque
561 800 697 885 aequales
724 800 762 867 ad
787 822 802 864 s
841 811 981 868 ctatorum
1006 804 1098 871 meum
1119 807 1251 875 excitan-

86 824 157 957 iun
177 887 348 970 animosque
368 884 579 951 exhilarandos
600 886 718 974 saepius
740 882 810 950 exhi
831 908 881 951 ere
902 895 933 953 et
953 888 990 953 ad
1011 890 1138 956 taedium
1159 913 1250 977 usque

86 979 225 1075 repetere
246 971 396 1048 solebant3
426 968 503 1054 quod
524 969 638 1054 quidem
659 969 878 1058 Aristophanes
898 973 1133 1060 sapientissimus
1153 985 1250 1064 poeta,

86 1056 278 1211 ηιιὸριὲίίηοο
298 1055 431 1121 instituto
451 1054 564 1119 modice
584 1075 657 1120 usus
678 1062 753 1138 erat,
773 1055 838 1121 iure
858 1058 1049 1146 reprehendit
1068 1058 1101 1124 iu
1118 1060 1251 1130 Nubibus

85 1164 112 1210 ν.
210 1163 219 1207 τ

166 1221 225 1297 Ὡς
245 1222 280 1287 δὲ
299 1218 435 1307 σώφρων
455 1221 518 1285 ἔστί
539 1216 644 1303 φύσει,
666 1222 845 1305 σκίψασίΐ·
866 1220 932 1306 ἥτις
952 1231 1059 1312 πρῶτα
1078 1226 1136 1309 μέν

174 1308 276 1375 Οὐδὲν
295 1299 374 1389 ἦλθε
396 1304 562 1415 ρξάψαμίνη
579 1305 720 1372 eadsinus
740 1310 931 1388 καθειμένον,
1221 1372 1223 1376 ,

166 1391 327 1477 Ἐρυθρὸν
348 1393 379 1467 ἐξ
401 1414 513 1476 ακραυ,
535 1388 634 1474 παχύ,
654 1401 718 1468 τοῖς
739 1396 871 1468 παιδίοις
888 1394 932 1457 ‘lv'
955 1384 976 1479 ᾖ
997 1394 1098 1478 γίλως.

85 1479 236 1566 inquibus
251 1477 385 1544 versibus
398 1474 617 1562 Sannyrionem
637 1478 818 1564 potissimum
839 1479 936 1544 notari
956 1481 1058 1546 credo:
1080 1501 1250 1567 quamquam

85 1564 167 1631 enim
189 1561 302 1629 antini
328 1562 504 1649 interpretes
526 1581 643 1643 omnes,
671 1563 787 1647 quinam
815 1565 943 1629 comicus
968 1564 1179 1653 intelligendus
1200 1569 1250 1651 uit,
1319 1637 1322 1644 ,

85 1669 148 1717 uon
168 1582 361 1737 prodiderunt
381 1646 557 1726 memoriae,
585 1647 648 1711 veui
669 1654 766 1711 tanen
787 1646 964 1712 simillimum
987 1657 1048 1732 est,
1074 1651 1251 1740 Aristopha-

85 1755 156 1801 nem
176 1738 286 1799 certum
308 1729 451 1815 quendam
472 1739 587 1817 poetam
607 1731 784 1794 vexavisso:
814 1731 895 1795 solus
917 1730 1085 1799 Scholiasta
1105 1735 1251 1805 Brunclaii

85 1817 162 1885 irasc
187 1815 358 1905 adscripsit:
404 1819 508 1879 Τοῦτο
536 1815 613 1898 φησὶ
641 1813 692 1877 διὰ
718 1812 772 1877 τὸν
784 1810 959 1896 Ἕρμιππον
984 1820 1033 1879 καί
1063 1817 1117 1882 τὸν
1136 1820 1250 1905 Σιμίρ-

84 1925 177 1984 ριωνοι
203 1900 258 1967 τὸν
283 1897 395 1965 τούτου
416 1895 598 1979 ὑποκριτήν,
623 1919 726 1963 verum
753 1918 856 1963 errore
884 1900 958 1967 haec
983 1907 1053 1990 puto
1078 1903 1136 1968 huc
1155 1905 1251 1971 relata

84 2007 173 2070 esse,
194 2007 258 2051 cum
279 1985 446 2074 pertineant
465 1983 622 2048 manifesto
643 1983 682 2048 ad
702 2004 732 2048 ν.
752 1983 831 2049 537:

175 2069 258 2137 Odtt
278 2064 450 2157 πρεσβύτης
471 2065 487 2132 ὁ
508 2068 604 2176 lipom
616 2065 705 2149 ’τᾶπη
727 2072 765 2153 τῇ
785 2068 941 2158 βακτηρία

173 2151 289 2219 Talares
309 2153 363 2219 τὸν
384 2147 513 2237 παρόντ’
536 2154 692 2238 αφανίζων
711 2153 831 2233 πονηρὰ
851 2152 1034 2235 σκαίμματὰ.

84 2239 129 2307 ihi
155 2241 234 2308 euim
260 2239 452 2337 Hermippum
480 2244 529 2304 tan
554 2239 561 2252 '
591 2237 706 2324 quidam
734 2238 956 2320 existimarunt,
987 2240 1048 2305 vid.
1069 2239 1171 2308 Sahal.
1197 2246 1251 2311 sed

84 2324 125 2393 de
145 2324 194 2391 his
214 2324 349 2390 versibus
372 2324 484 2388 droetur
503 2259 593 2388 iniis.
626 2322 686 2387 liic
705 2343 777 2386 vero
799 2320 1018 2410 Sannyrionem
1039 2325 1130 2391 rideri
1152 2329 1252 2412 credo,

105 2430 173 2475 uem
193 2408 295 2474 eodem
316 2408 434 2473 nomine
454 2408 631 2495 perstringit
650 2404 772 2471 Strattis
792 2408 867 2495 apud
889 2407 1000 2474 Athen.
1021 2409 1075 2474 xl.
1096 2432 1124 2498 p.
1138 2413 1251 2483 5610,

85 2428 167 2580 ilupl
189 2494 224 2558 dd
243 2498 299 2557 τοῦ
320 2494 529 2576 Σαννυρίωνος
549 2495 600 2554 καί
622 2488 774 2574 Στράττις
791 2490 824 2555 ἔν
849 2494 1028 2574 Ψυχασταῖς
1048 2497 1139 2580 φησί·

172 2579 383 2663 Σαννυρίωνος
406 2577 548 2657 σκυτίνην
568 2575 754 2657 ἐπικουρίαν.

85 2682 183 2749 neque
210 2664 288 2727 enim
316 2662 436 2727 Strattis
465 2660 664 2747 Sannyn'onis
691 2660 851 2725 exilitatem
878 2661 961 2742 risit,
1002 2661 1034 2728 id
1060 2662 1135 2762 quod
1162 2665 1251 2732 facile

85 2747 154 2834 quis
174 2767 215 2812 ex
235 2746 384 2812 Athenaei
403 2746 504 2810 verbis
525 2745 675 2826 coniiciat,
697 2746 751 2811 sed
771 2754 804 2810 ut
824 2745 895 2810 mihi
916 2745 1030 2831 quidem
1052 2747 1178 2830 videtur,
1200 2752 1252 2815 oh.

86 2853 208 2898 scenam
228 2831 300 2896 illud
322 2832 533 2919 spectaculum,
554 2851 610 2915 quo
630 2830 751 2895 invento
772 2851 843 2895 usus
865 2829 1017 2918 Saunyrio
1039 2831 1106 2914 ille,
1128 2835 1177 2918 qui
1197 2836 1253 2901 sri-

86 2916 169 3003 gidis
190 2917 263 2981 iocis
284 2917 387 2981 ludere
407 2914 511 2981 solitus
533 2921 612 2995 erat,
637 2914 729 2980 risum
750 2915 950 3002 spectantibus
971 2925 1109 2981 excutere
1131 2920 1252 3001 studuit,

85 3006 121 3065 ut
139 3000 293 3082 tabulam,
320 3021 394 3085 quae
422 3000 531 3084 alioqui
557 2998 726 3080 cecidisset,
753 2998 859 3149 populo
881 3001 1036 3146 probaret:
1066 3001 1139 3067 illud
1160 3004 1253 3089 igitur

84 3085 239 3151 inventum
251 3084 371 3151 Strattis
392 3106 452 3149 non
473 3085 579 3149 inscite
600 3084 742 3166 σκυτίνην
771 3108 879 3166 πικουρ
892 3109 930 3146 αν
944 3085 1069 3167 vocavit,
1090 3086 1166 3184 qued
1187 3109 1252 3154 cnm

86 3167 226 3235 audirent
245 3177 441 3258 spectatores,
474 3169 629 3254 unicuique
656 3169 753 3234 statim
773 3169 806 3232 in
827 3175 953 3233 menam
973 3189 1108 3235 revocari
1129 3192 1252 3238 necesse

85 3261 153 3319 erat
184 3255 350 3319 roverhium
369 3254 442 3319 satis
457 3274 509 3318 ore
528 3254 611 3339 vulgi
630 3254 740 3333 tritum,
761 3254 867 3334 συκίνη
885 3253 1052 3335 ἐπικουρία,
1074 3273 1130 3339 quo
1142 3253 1252 3322 Graeci

84 3275 187 3407 debili
213 3346 244 3404 et
269 3338 415 3405 infirmum
443 3339 583 3403 auxilium
611 3337 834 3424 significabant:
854 3358 1034 3436 ‘quamquam
1056 3338 1122 3403 lieri
1149 3343 1252 3428 potuit,

85 3431 122 3487 ut
152 3423 278 3488 comicos
305 3423 392 3487 simul
418 3423 544 3487 hominis
577 3422 769 3509 gracilitatem
798 3422 1037 3486 snhrudicavemt.
1078 3422 1252 3491 Athenaeus

85 3526 162 3573 vere
182 3507 258 3573 nihil
279 3505 358 3573 aliud
385 3508 442 3571 hoc
467 3507 601 3594 exemplo
628 3505 716 3570 allato
736 3506 853 3571 videtur
873 3506 999 3595 probare
1019 3507 1165 3591 voluisse,
1193 3512 1254 3575 nisi

84 3591 162 3674 hoc,
189 3592 277 3657 etiam
298 3615 317 3656 a
337 3591 481 3657 Strattide
502 3588 720 3677 Sannyrionem
746 3599 884 3656 vexatum
910 3612 994 3657 esse:
1022 3599 1136 3681 poterat
1157 3603 1253 3661 autem

86 3674 150 3745 ulio
163 3675 228 3743 loco
244 3677 373 3743 eiusdem
389 3676 490 3742 comici
502 3677 559 3758 uti,
580 3677 629 3763 qui
640 3677 733 3765 ipsius
744 3676 893 3785 proposito
915 3677 1157 3743 accommodatior
1178 3693 1253 3762 erat,

86 3760 149 3828 vid.
170 3760 282 3827 Pollux
307 3759 347 3827 Χ.
369 3762 446 3827 189:
471 3756 566 3827 Ὅθεν
596 3763 647 3824 καί
668 3764 818 3846 Στραττις
844 3761 876 3827 lv
895 3763 1030 3849 Κινησίᾳ
1058 3761 1113 3827 τὸν
1133 3764 1253 3828 Σαννυ-

86 3847 185 3929 ρίωνα
207 3843 259 3910 διὰ
282 3845 338 3929 τὴν
359 3844 522 3927 ἰσχνότητα
548 3840 699 3926 solvendos
719 3850 813 3910 καλεῖ.
857 3844 1076 3932 Sauuyriouem
1099 3853 1194 3913 auteur
1217 3849 1253 3913 ab

85 3928 292 4019 Aristophane
324 3939 454 3997 notatum
486 3951 553 3996 esse
584 3931 703 3996 minime
739 3932 878 3996 abhorret
907 3952 926 3997 a
954 3931 1019 3996 veri
1052 3930 1255 4015 similitudine,

83 4014 321 4167 Fandoquidem
354 4016 441 4081 etiam
474 4015 524 4081 ille
557 4016 787 4104 Aristophanem
819 4014 966 4162 attiperit,
1010 4013 1068 4079 vid.
1096 4013 1256 4084 Scholiast.

115 4099 226 4167 latomis
248 4099 377 4189 Apolog.
399 4121 427 4189 p.
440 4102 502 4166 331
525 4098 724 4167 edssekker:
745 4102 868 4185 Σαννυρ
880 4124 922 4163 ων
943 4101 976 4164 dv
996 4102 1026 4162 Γ
1024 4098 1111 4165 duaa
1132 4098 1255 4186 τετράδι

85 4183 185 4249 αὐτὸν
206 4181 436 4286 (Ἀριστοφάνη)
459 4185 538 4271 φησί
562 4184 713 4268 γενέσθαι.
744 4205 915 4270 quamquam
942 4184 1017 4249 haec
1043 4185 1111 4249 nolo
1138 4187 1169 4249 in
1190 4206 1256 4252 earn

84 4276 204 4359 purten
227 4269 434 4358 interpretari,
461 4290 497 4341 ee
523 4266 552 4337 si
577 4268 654 4337 alter
679 4269 804 4337 alterurn
831 4268 978 4339 vindictae
1009 4289 1098 4335 caum
1125 4269 1256 4337 laeserit
