2760 4792
144 201 211 273 aaa
390 156 395 169 ’
522 201 929 271 ooonnnurnouns

143 374 269 438 [ormam
305 370 470 453 ascivisse,
510 366 585 458 (puae
620 378 724 460 postea
764 372 852 437 otiam
885 395 904 437 a
936 373 1128 460 scriptoribus
1160 372 1311 461 pedestris

145 458 288 523 orationis
312 464 432 545 recepta
453 463 515 539 ost,
541 456 692 522 Plutarch.
714 456 835 522 Erotion
857 478 882 522 c.
905 459 946 523 13
961 456 1100 523 Ἀδώνιοι
1121 458 1312 525 scribendum

145 550 192 607 est
216 564 271 631 pro
293 539 465 618 Ἀδωναῖοι,
498 542 558 607 vid.
579 543 622 606 ibi
644 541 828 607 Wiookelm.
849 564 877 629 p.
900 544 973 611 155.
1014 544 1079 607 Neo
1099 543 1197 610 mium
1218 542 1313 609 multa

143 629 265 692 novavit
297 628 329 690 in
361 628 580 714 significatione
607 628 780 705 vorborum3
824 629 968 693 eiusmodi
994 634 1055 709 est,
1097 629 1174 714 quod
1200 626 1313 694 Suidns

144 712 185 778 T.
207 713 232 776 Ι.
252 733 281 799 p.
301 711 366 778 452
387 711 488 777 affort:
522 715 648 790 Βῶσον,
674 709 853 795 βοήθησον·
878 716 1048 797 Κρατῖνος,
1079 714 1130 779 ubi
1155 708 1339 802 pruoteroa'

142 797 269 861 ionicam
296 797 420 861 formam
448 798 683 878 animadvertat,
715 798 741 861 si
770 806 868 862 amon
890 797 999 862 Suidas
1025 799 1099 862 satis
1120 806 1202 863 recte
1226 798 1313 863 illum

144 880 261 946 Cratini
282 903 400 945 vorsum
420 882 577 947 intellexit.
603 881 735 946 Prorsus
751 883 905 970 singulare
927 890 983 965 ost,
1005 883 1082 991 ‹puod
1094 882 1313 949 Grammaticus

143 964 281 1031 Bekkori
302 966 344 1032 T.
364 965 390 1030 l.
411 989 439 1056 p.
460 970 540 1048 337,
563 968 605 1033 15
625 967 733 1031 tradit:
759 964 877 1052 Ἄγιος·
905 964 921 1032 ὁ
943 975 1129 1051 σεβασμιος·
1150 970 1201 1033 καί
1222 964 1314 1051 ἅγιον

141 1049 178 1116 vd
199 1048 375 1157 ocpdo'oprrovc
393 1056 443 1114 aab
470 1052 585 1132 τίμιον·
615 1052 731 1135 λέγοιτο
761 1051 792 1116 δ’
815 1050 854 1115 ἀν
879 1055 931 1116 καὶ
957 1051 1042 1137 ἀμος
1070 1049 1219 1139 δμιαρδς
1248 1050 1314 1117 ἀπδ

140 1160 326 1302 {iiiiii
345 1134 968 1307 ttl‘ltltt.:Attulisttttlb
981 1137 1313 1312 ttlltfbtttt

134 1301 274 1390 Ὅμηρος
295 1308 346 1369 καί
357 1308 512 1388 Κρατῖνος
533 1306 600 1370 ἀντὶ
621 1311 677 1370 τοῦ
699 1302 897 1392 ἀπλήρωτοι·
919 1309 1088 1391 Δείναρχος
1109 1307 1142 1371 δέ
1162 1306 1233 1373 ἀντὶ
1254 1312 1313 1373 τοῦ

136 1393 232 1476 χωρίς
253 1386 346 1455 ἀλῶν.
387 1391 464 1457 Nam
486 1398 518 1454 ut
539 1391 688 1455 Homerus
710 1391 785 1455 dixit
806 1391 916 1478 Odyss.
937 1390 1035 1465 XVII.
1055 1394 1134 1459 227:

518 1474 611 1539 Ἀλλά
632 1472 781 1540 πτώσσων
802 1476 881 1540 κατὰ
905 1479 1005 1559 δῆμον

226 1555 377 1623 Βούλεταν
399 1561 520 1637 αίτίζων
539 1557 719 1645 βόσκεινῆν
738 1560 864 1649 γαστέρ’
888 1559 1029 1628 ἀναλτον.

140 1650 171 1709 et
190 1666 295 1709 rursus
315 1644 428 1712 XVffl.
450 1646 529 1711 116:

217 1725 275 1804 Ὅς
295 1735 407 1795 τοῦτον
426 1728 479 1795 τὸν
500 1728 632 1795 ἄναλτον
647 1726 802 1812 ἀλητεύειν
822 1728 1013 1807 ἀπέπαυσας.

140 1813 215 1880 adde
243 1814 314 1879 ibid.
335 1838 365 1880 v.
385 1816 467 1898 366,
498 1817 542 1880 ita
568 1817 656 1881 etiam
679 1814 820 1881 Cratinus
847 1817 903 1881 hac
928 1838 1018 1899 voco,
1068 1836 1125 1881 uae
1150 1812 1188 1879 ab
1214 1810 1313 1879 Attici

139 1900 286 1966 sermonis
308 1902 519 1966 consuetudine
539 1922 662 2001 prorsus
684 1903 839 1982 abhorret,
861 1902 905 1965 sio
924 1923 997 1966 usus
1017 1836 1144 1983 uidetur,
1164 1904 1197 1964 ut
1218 1920 1312 1965 unum

139 2007 180 2051 ex
199 1985 248 2049 his
268 1987 404 2049 versibus
426 1986 551 2051 Homen
571 1986 621 2050 vol
641 1986 790 2071 integrum
811 1985 861 2049 vol
881 1986 1061 2051 immutatum
1082 2006 1135 2050 suo
1156 1982 1312 2073 proposito

138 2069 378 2137 accommodaret
421 2070 471 2134 Ex
491 2069 626 2217 puppulari
648 2077 743 2133 autem
765 2091 902 2136 sermono
915 2072 1064 2220 petivisse
1084 2069 1202 2135 videtur
1221 2068 1311 2151 illud,

139 2154 216 2243 quod
235 2154 348 2219 Pollux
373 2153 413 2223 V.
434 2156 516 2220 68a
542 2160 604 2217 ert:
635 2152 701 2217 Διά
721 2149 813 2219 τοῦτό
833 2179 887 2234 μοι
931 2164 1002 2219 'onai‘
1025 2150 1311 2231 δασύποδατδν

139 2235 241 2323 λύγων
267 2235 354 2303 ἀλλον
382 2262 414 2301 τε
440 2241 492 2301 καί
518 2241 674 2322 Κρατῖνος
700 2243 815 2314 καλεῖν,
842 2236 940 2321 ὄνομα
968 2236 1142 2322 ποιούμενοι
1167 2242 1213 2327 τῷ
1239 2232 1311 2327 Culta

138 2325 195 2407 τὴν
215 2322 320 2409 φύσιν.
364 2321 505 2388 Cratinus
527 2323 605 2387 onim
627 2323 756 2411 leporem
778 2324 822 2388 sio
842 2324 1014 2414 simpliciter
1034 2324 1199 2393 δασύποδα
1218 2344 1310 2391 voca·

138 2411 196 2488 vit,
218 2417 250 2472 ut
271 2408 400 2472 Alcaeus
421 2409 454 2473 in
475 2407 600 2474 Callisto
622 2431 667 2496 ap.
690 2407 801 2474 Athon.
821 2408 876 2475 IX.
897 2432 925 2499 p.
946 2414 1011 2478 399
1031 2411 1076 2477 F:

223 2494 397 2576 Κορίαννον
414 2495 467 2557 ἵνα
487 2496 519 2557 τί
537 2489 662 2574 λεπτύνς
698 2490 763 2557 Ἵνα
784 2494 857 2570 τούς
878 2492 1067 2573 δασύποδας,

227 2576 290 2653 Otr
312 2576 349 2641 ἀν
371 2577 526 2660 λάβωμεν,
553 2574 623 2643 situl
645 2576 820 2645 διαπύττενν
839 2578 922 2666 δ’χῃς.

137 2663 179 2731 Et
198 2663 390 2728 Nausicratos
412 2665 445 2728 in
465 2663 592 2727 Porsido
612 2664 699 2727 ibid:

218 2747 270 2811 Ἐν
291 2753 328 2832 τῇ
349 2748 408 2833 γάρ
428 2748 546 2831 Ἀττικῇ
568 2749 613 2824 τίς
634 2745 691 2812 είδε
713 2746 835 2813 πιύποτε

220 2832 380 2914 Λέοντος,
409 2831 429 2914 ἢ
450 2838 589 2898 τοιοῦτον
609 2834 711 2917 ἕτερον
731 2835 862 2918 θηρίονς

223 2908 270 2981 ob
293 2916 445 2982 δασύποδ’
470 2914 566 3001 εύρεῖν
587 2920 670 2982 ἐστιν
690 2918 756 3000 οάχί
780 2915 896 3005 ῥᾴδιον.

134 3002 176 3070 Et
195 3003 349 3092 Ephippus
375 3005 409 3067 in
430 3004 637 3112 Oboliapboris
664 3026 711 3092 ap.
733 3003 844 3070 Athon.
866 3002 951 3072 vlll.
971 3025 1001 3093 p.
1022 3004 1087 3071 359
1106 3002 1149 3068 B:

337 3084 507 3164 Δασύπους
529 3093 566 3152 ἀν
587 3087 704 3173 ἐπέλθῃ
720 3091 772 3164 ’τίς
791 3089 876 3176 φέρε.

133 3166 320 3241 Nicostratus
341 3174 412 3238 ibid.
434 3174 473 3239 ll.
495 3176 538 3240 65
559 3175 604 3238 D:
621 3211 623 3217 .

219 3260 279 3341 Μὴ
301 3264 488 3343 πολυτελῶς,
511 3258 591 3323 ἀλλά
611 3258 800 3342 καθαρείως,
823 3253 987 3323 δασύποδα

214 3341 287 3407 'Ebc
307 3341 483 3428 περιτύχῃς,
505 3342 659 3430 ἀγόρασον
680 3346 731 3407 καί
752 3341 869 3425 νηττία.

132 3427 273 3518 Diphilus
294 3430 366 3493 ibid.
387 3428 470 3497 Vlll.
492 3452 520 3518 p.
542 3430 604 3495 401
628 3427 674 3493 A:

215 3512 409 3589 Χελιδόνειος
431 3512 447 3577 b
469 3511 646 3589 δασύπους,
667 3517 790 3596 γλυκεῖα
811 3510 843 3575 δ’
866 3506 886 3595 o‘p
907 3512 1073 3598 μίμαρκυς.

131 3598 203 3665 Alia
224 3619 297 3663 vero
318 3599 460 3663 vocabola
486 3621 547 3663 non
574 3620 668 3688 pauca
690 3596 830 3663 Cratinus
856 3596 1015 3685 ingenioso
1035 3596 1171 3677 novavit,
1221 3595 1304 3662 nulia

130 3694 201 3750 sunt
222 3693 254 3748 ut
274 3706 291 3749 o
313 3684 378 3747 inor
400 3682 601 3770 αἱμυλύφρων
622 3690 652 3747 ot
672 3679 913 3764 αἱμολοπλόκος,
933 3682 993 3747 vid.
1007 3616 1300 3748 Grammaticffiek·

130 3771 199 3837 kori
221 3769 261 3835 T.
283 3706 358 3857 ip.
374 3770 449 3851 363,
473 3773 489 3833 1
513 3790 594 3856 seqq.
615 3777 645 3834 ot
666 3765 810 3853 ἀνοργος,
831 3768 903 3833 ibid.
923 3766 1039 3858 p.40(i,
1056 3767 1096 3833 11
1118 3773 1149 3831 ot
1167 3766 1299 3831 [orum

130 3852 322 3942 ἀρρενώπας,
365 3855 426 3919 vid.
454 3853 590 3919 Eustatlr.
618 3854 656 3919 ad
683 3853 792 3940 Odyss.
818 3852 888 3922 vll.
914 3875 944 3941 p.
968 3852 1066 3933 1571,
1086 3850 1145 3918 lo:
1192 3840 1298 3937 Ούπερ

130 3938 281 4006 ἀνύπαλιν
306 3939 371 4021 ἕχον
398 3937 436 4003 ἀν
462 3934 478 4001 ὅ
500 3939 586 4023 παρὰ
611 3944 656 4026 τῷ
677 3940 824 4024 Κρατίνῳ
852 3934 1044 4025 ἀρρενῶπας·
1070 3934 1111 4001 od
1134 3934 1193 4017 μέν
1217 3932 1297 3999 ἀλλα

127 4023 228 4110 γύννις
248 4023 291 4090 ὢν
311 4025 387 4107 έχων
409 4025 446 4091 δέ
463 4048 493 4088 τι
519 4021 753 4108 ἀνδρόμορφον·
782 4025 811 4088 oi
833 4023 866 4086 δέ
886 4028 1021 4089 τοιοῦτον
1041 4023 1092 4085 καὶ
1114 4016 1297 4107 ἀνδρόγυνον

127 4112 283 4194 λέγονταιι
310 4110 387 4196 quod
414 4111 442 4175 si
468 4116 548 4175 recte
576 4110 750 4175 Eustatbius
781 4111 1013 4197 intorpretatur,
1045 4106 1172 4172 comicos
1200 4106 1296 4171 uirum

127 4196 337 4278 effeminatum,
359 4196 408 4283 qui
429 4195 488 4259 nisi
510 4196 591 4260 vultu
612 4196 708 4260 virum
729 4215 790 4259 non
810 4194 977 4275 tolerabat,
1003 4187 1183 4281 ἀρρενύπαν
1204 4190 1294 4257 dixit:

125 4283 226 4350 nescio
252 4290 350 4349 buren
381 4303 421 4349 an
453 4282 530 4347 forte
561 4282 604 4347 ita
636 4280 789 4347 mulierem
820 4278 1029 4371 appellaverit,
1070 4278 1115 4349 uti
1138 4274 1294 4343 Lucium
