2768 4770
254 199 314 266 nu
334 198 478 276 auaro.
499 196 686 267 romono.
711 198 817 267 arr.
838 160 983 277 aurio
1147 203 1209 269 σε

129 371 246 432 Παπαῖ
262 366 301 431 τὰ
322 369 443 450 παιδίχ’
465 364 507 443 ὡς
528 364 602 459 ὁρᾷς
624 363 792 445 ἀπώλεσας.

72 446 97 509 tl
120 457 272 533 Κρατῖνος
293 449 487 528 Πανόπταις·

131 541 243 613 Maeote
263 535 321 621 γὰρ
343 535 399 613 τὰς
419 546 575 621 γυναῖκας,
602 535 679 622 πρὸς
699 535 826 599 παιδικὰ
848 537 882 601 (λέ
901 536 1019 621 τρέπεις
1040 541 1104 602 νῦν.

72 610 161 688 limilia
181 623 323 708 leguntur
344 622 418 709 apud
440 621 577 686 Photium
598 643 627 709 p.
648 620 720 697 369,
742 621 765 685 4
787 627 815 685 et
836 620 956 688 Suidam
980 624 1021 687 T.
1042 623 1097 688 Ill.
1118 647 1147 712 p.
1168 625 1211 690 66

72 699 202 857 isidquod
229 708 271 769 ibi
297 705 393 792 τρέπῃ
414 711 468 770 νῦν
489 706 654 771 exhibetur.
696 705 743 769 Ita
764 712 860 771 autem
881 708 959 772 bunc
979 727 1097 773 versum
1119 710 1211 773 corri-

72 805 107 855 'en
126 814 171 856 um
214 797 278 855 uto:

150 813 265 951 Μέσεῖς
291 873 332 938 dd
364 871 431 956 τὴν
455 882 638 958 γυναῖκα,
680 870 758 959 πρὸς
790 872 917 937 παιιλικολ
949 874 1018 960 γὰρ
1053 876 1210 962 τρέπεις

729 983 828 1022 νουν.

72 1065 216 1128 uanuquam
243 1041 331 1106 etiam
357 1040 457 1127 τρέπει
483 1045 537 1105 νῦν
557 1042 632 1106 ferri
653 1049 765 1130 potest:
792 1041 848 1123 τὴν
876 1051 1004 1126 γυναῖκα
1031 1044 1136 1109 dictum
1164 1053 1211 1111 est

72 1150 97 1193 .·o
119 1148 241 1193 numero
262 1126 386 1227 plurali,
427 1124 483 1201 τὰς
508 1136 669 1210 γυναῖκας,
696 1128 745 1213 qui
766 1128 881 1212 quidem
908 1151 947 1192 ex
968 1129 1209 1216 interpretatione

73 1213 160 1279 detur
181 1213 353 1276 substitutus
376 1233 457 1274 esse:
483 1233 589 1276 versus
612 1219 707 1276 autem
730 1219 775 1276 est
796 1219 964 1277 tetrameter
986 1215 1209 1299 choriambicus,
1277 1267 1281 1276 .

72 1299 92 1363 6
113 1298 266 1362 iambicam
289 1296 448 1381 dipodiam,
478 1318 551 1380 quae
574 1296 647 1360 alias
669 1296 826 1361 secundum
850 1297 926 1361 solet
948 1298 1041 1362 locum
1064 1301 1208 1382 obtinere,

72 1385 137 1449 imo
165 1381 229 1445 loco
252 1381 384 1445 exhibet:
413 1381 466 1444 sed
493 1402 531 1444 ne
558 1381 615 1444 hoo
635 1380 749 1466 quidem
777 1382 909 1446 insolens
937 1391 987 1446 aut
1013 1384 1208 1468 invenustum,

72 1490 85 1533 ι
106 1467 267 1532 Anacreon
287 1466 320 1528 in
345 1471 513 1529 tetrametro
536 1465 693 1529 acatalecto
715 1464 769 1529 Fr.
790 1466 880 1548 XIX,
904 1468 959 1531 13:

129 1547 214 1626 Πολϊς
235 1546 342 1631 Κύκης
362 1551 412 1611 καλ
434 1549 612 1631 σκιαδίσκην
632 1551 827 1635 ἐλεφαντίνην
849 1561 947 1642 φορεῖ.

91 1637 129 1702 in'
150 1635 289 1698 catalecto
307 1633 523 1722 Aristophanes
544 1634 678 1719 Lysistr.
699 1635 778 1699 319:

128 1718 249 1802 Acyvdv
271 1721 352 1782 δοκῶ
372 1743 426 1799 μοι
447 1722 589 1800 καθορᾶν
611 1719 660 1779 καὶ
682 1716 814 1793 καπνὸν,
837 1708 862 1780 ὦ
882 1727 1029 1798 γοναῖκτς,

121 1801 240 1886 Ὥσπερ
261 1802 357 1887 πυρὸς
378 1800 545 1881 καομένου·
575 1800 738 1865 σπευστέον
759 1803 822 1866 ἐστὶ
843 1806 976 1866 θᾶττον·

72 1888 265 2118 ld⁸11lou32d7d
280 1972 338 2057 γὰρ
361 1968 577 2053 ἐμπλησαμένη
598 1967 654 2053 τὴν
674 1965 784 2055 idolum
804 1970 916 2055 κνεφαί
935 2016 943 2034 .

120 2105 176 2216 ‘Hc
197 2131 222 2204 ὦ
242 2139 303 2203 θεὰ
322 2136 437 2221 μήποτ’
462 2136 520 2222 lyd
541 2138 755 2218 πιμπραμένας
776 2135 887 2219 ἴδοιμι,

123 2224 219 2292 Ἀλλιλ
240 2224 373 2307 πολέμου
394 2225 446 2287 καὶ
466 2229 584 2306 μανιῶν
598 2220 736 2288 ιΕλλάδα
756 2225 808 2287 καὶ
828 2223 964 2301 πολίτας.

481 2933 671 3000 CAPUT
714 2934 783 3004 Vll.

132 3151 302 3216 Permultae
329 3158 397 3216 sunt
431 3173 470 3215 ex
497 3151 613 3218 Cratini
646 3153 818 3234 comoediis,
861 3174 981 3237 quarum
1016 3159 1137 3218 aetatem
1165 3157 1214 3220 uel

72 3257 170 3301 uorsus
193 3259 252 3300 nou
273 3237 322 3300 vel
344 3238 482 3324 ambigua
502 3244 612 3300 tantum
635 3237 749 3300 ratione
767 3237 934 3301 describere
955 3237 1035 3318 licet,
1056 3239 1116 3301 nisi
1136 3240 1214 3304 sorte

72 3322 112 3387 ris
134 3321 236 3385 inania
257 3323 423 3385 coniectura
444 3323 527 3406 sequi
546 3321 631 3384 velit:
653 3322 810 3410 pleraeque
832 3329 929 3386 tamen
951 3327 1018 3384 ante
1040 3323 1110 3387 belli
1126 3323 1215 3390 Pelo·

72 3406 185 3470 onnesii
212 3406 325 3469 initium
356 3407 456 3469 doctae
488 3405 640 3486 videntur,
683 3407 724 3469 ita
753 3414 784 3469 ut
830 3414 895 3469 oeta
928 3407 1053 3470 maxime
1080 3408 1149 3472 inde
1177 3411 1213 3472 ab

72 3490 225 3578 lympiade
246 3491 365 3553 LXXX
385 3511 477 3574 usque
500 3491 536 3554 ad
558 3490 675 3578 Olymp.
690 3428 868 3559 LXXXlll
889 3490 1070 3555 inclaruerit.
1104 3493 1215 3558 Docuit

72 3597 123 3638 ure
144 3574 231 3637 etiam
253 3598 316 3639 cum
328 3575 399 3638 bclli
411 3576 587 3639 incendium
607 3576 665 3638 iam
687 3575 851 3640 exarsisset
864 3575 1003 3657 tabulas,
1025 3577 1078 3641 sod
1099 3578 1215 3665 ingenii

72 3661 138 3746 igor
159 3666 243 3742 atque
265 3661 401 3724 alacritas
423 3681 487 3724 cum
513 3660 740 3746 ingravescente
762 3667 911 3724 senectute
932 3660 1100 3725 imminutus
1122 3671 1213 3745 esset,

72 3765 106 3807 ae
128 3744 294 3808 comoediae
316 3746 411 3808 minus
432 3744 538 3831 populo
560 3744 748 3830 placuerunt3
767 3766 861 3829 neque
882 3745 941 3808 iam
962 3747 1091 3810 aemulos
1112 3756 1214 3834 poetas

72 3827 137 3909 icit,
163 3828 216 3892 sed
237 3829 301 3916 ipse
323 3831 358 3892 ab
386 3830 620 3894 adolescentibus
642 3829 757 3942 ingenii
782 3832 916 3893 ubertate
937 3830 1149 3895 excellentibus
1172 3833 1215 3896 vi-

72 3933 114 3976 us
136 3919 200 3991 ost3
227 3913 268 3976 ita
290 3935 353 3977 cum
376 3914 492 4001 Olymp.
513 3913 715 3981 LXXXVlrl.
736 3918 758 3980 3
779 3913 966 4001 Euthydemo
994 3922 1129 4002 praetore
1150 3939 1214 3980 cum

72 3996 251 4082 ,ristopbane
273 4005 302 4061 et
322 3998 467 4086 Eupolide
490 3998 694 4079 contenderet,
717 3999 861 4064 secundas
883 3999 965 4080 tulit,
987 3999 1046 4063 vid.
1068 4000 1214 4065 Didasca-
1322 4053 1325 4058 .

72 4081 264 4169 arbristopb.
285 4082 432 4147 eichorn:
475 4085 540 4145 Kal
569 4089 689 4163 πρῶτος
714 4076 751 4167 ἦν
773 4080 1044 4168 (Ἀριστοφάνης),
1075 4081 1215 4168 δεύτερος

72 4169 206 4252 [ρατΐνος
226 4165 480 4249 Χειμαζομένοις·
503 4167 539 4231 οὐ
561 4165 723 4244 σώζονται·
744 4169 845 4250 τρίτος
865 4165 999 4242 Εὔπολις
1014 4170 1214 4251 Νονμηνίαις.

72 4253 236 4316 tinsecuto
267 4274 361 4335 anno,
404 4258 540 4341 praetore
566 4251 729 4336 stratocle,
762 4253 896 4320 Lenaeis
928 4273 1033 4319 rursus
1060 4275 1119 4318 una
1148 4276 1215 4343 ¹oum
