2768 4770
351 195 1079 288 onunud·cobtonn.a'tn.dnu1u.
1233 209 1298 278 3⁵7

603 363 668 432 Τὸν
688 367 723 431 δὲ
742 367 939 455 Παφλαγόνα

203 443 270 526 ⁸05
289 443 380 514 ταῦτ’
403 447 548 534 ἔδρασεν,
573 449 638 538 εἴφ’
663 447 708 518 ὅτι
729 449 864 537 ποιήσεις
883 451 993 539 nands}

119 533 171 602 oui
193 532 246 598 ille
267 533 441 621 respondet:

213 615 312 682 Οὐδὲν
332 619 374 698 μί
391 615 414 693 ’,
436 614 507 680 ἀλλ’
531 613 551 700 ἢ
571 615 627 701 τὴν
648 617 725 704 ἐμὴν
745 622 804 697 ἕξει
824 620 941 704 τέχνην.

117 701 219 769 Recte
246 723 317 767 vero
380 702 517 767 eiuekius
550 703 633 768 illum
663 726 783 771 versum
810 706 912 771 tribuit
936 704 1091 795 Eupolidi,
1122 728 1183 774 nen
1208 714 1289 774 recte

118 785 317 854 Blomiieldus
333 786 558 876 'Aristophani,
589 809 649 852 nou
676 791 766 872 setis,
799 799 832 855 ut
857 791 988 873 ridetur,
1017 790 1166 857 Eustatbii
1191 794 1290 858 verbis

120 871 300 955 intellectis,
329 872 378 957 qui
403 872 460 936 hoc
481 873 579 938 dicere
599 872 677 954 vult,
704 894 788 960 quem
811 874 948 942 Comicus
973 877 1004 941 h.
1026 898 1053 941 e.
1073 876 1290 966 Aristophanes

119 956 155 1023 in
180 957 315 1022 Nubibus
339 977 369 1021 v.
390 956 454 1024 555
474 959 626 1040 Μαρικᾶν
653 958 744 1042 dicat,
766 981 833 1024 eum
860 961 896 1024 ab
924 960 991 1025 aliis
1013 960 1071 1025 dici
1092 964 1290 1049 Μαρικᾶντα.

117 1040 196 1108 Alia
215 1063 289 1128 quae
310 1040 347 1106 de
367 1041 423 1106 hac
444 1042 594 1108 comoedia
614 1042 722 1109 disseri
741 1052 867 1133 possunt
887 1045 1097 1134 praetermitto.

207 1174 249 1244 Ut
269 1174 382 1243 Comici
408 1176 447 1258 ii,
477 1176 527 1262 qui
552 1196 613 1242 non
638 1178 726 1243 unice
753 1178 848 1266 plebis
874 1179 1028 1267 imperitae
1057 1178 1190 1244 favorem
1216 1179 1289 1245 iocis

116 1261 230 1351 ineptis
250 1263 414 1350 captabant,
435 1261 466 1325 id
478 1262 635 1350 praecipue
657 1269 873 1352 spectaverunt,
894 1271 926 1329 ut
946 1284 1053 1352 pravos
1064 1264 1290 1330 Atheniensium

115 1367 218 1414 mores
240 1348 420 1434 castigarent
440 1353 526 1431 atque
547 1346 752 1430 emendarent,
773 1349 815 1413 ita
835 1370 908 1450 prae
929 1349 1035 1414 ceteris
1055 1349 1186 1413 morbum
1207 1349 1290 1414 illum

118 1431 346 1520 gravissimum,
367 1451 423 1516 quo
444 1437 503 1494 tum
525 1453 575 1495 res
596 1431 713 1521 publiea
733 1431 962 1499 Athemensium
983 1433 1149 1516 laborabat,
1179 1433 1289 1521 cupidi-

115 1523 209 1581 tatem
242 1515 306 1581 dieo
333 1517 379 1580 rei
409 1514 573 1597 iudicialis,
605 1517 862 1605 perstringebant:
906 1517 981 1602 quod
1008 1515 1144 1606 Eupolim
1195 1539 1288 1603 noque

114 1600 228 1667 secisse
248 1600 280 1663 in
301 1600 346 1668 Pr
365 1622 379 1664 s
400 1600 478 1664 altiis
500 1600 595 1687 ipsum
616 1601 735 1666 fabulae
756 1622 863 1666 nomen
884 1602 1036 1690 probabile
1056 1601 1162 1667 reddit.
1212 1624 1286 1690 agus

114 1685 198 1750 enim
223 1682 457 1773 Prospahorum
490 1684 545 1748 hec
570 1685 688 1749 nomine
719 1686 786 1749 suit
802 1686 950 1768 famosus,
977 1686 1053 1770 qued
1080 1686 1130 1750 isti
1156 1687 1195 1750 im
1216 1708 1288 1753 ense

114 1776 252 1835 amarent
276 1770 404 1850 iudicia3
433 1769 493 1834 vid.
520 1767 630 1832 Suidas
658 1767 698 1834 Τ.
719 1769 744 1839 Ι,
766 1791 794 1857 p.
815 1771 896 1834 627:
937 1771 1158 1854 Δρααχαρνεῦ·
1187 1708 1287 1856 eloethe

108 1851 270 1939 Ἀχαρνεῦ,
292 1853 475 1936 beataem-
509 1852 729 1940 ἒκιομφιλσῦντο
750 1853 808 1939 γὰρ
832 1853 861 1918 ολ
876 1854 1031 1940 Ἀχαρνεΐς
1053 1851 1095 1930 ὡς
1115 1851 1214 1939 ι’ίγριοι
1235 1857 1286 1919 καλ

114 1940 263 2024 σκληραί·
305 1935 463 2020 Ποτάμιοι
485 1937 533 2017 dt,
561 1933 603 2013 ὡς
624 1935 737 2027 ῥᾳδίως
766 1933 920 2022 δεχόμενοι
942 1936 1015 2014 rode
1042 1936 1283 2024 παρεγγράφους,

117 2020 313 2106 deportatam
343 2025 393 2097 καὶ
414 2018 629 2107 Προσπολλτιοι
651 2023 693 2100 ὡς
714 2023 891 2088 barcennei.
935 2021 1172 2090 Consentaneum
1192 2024 1285 2111 igitur

113 2116 164 2174 est
182 2108 228 2173 Eu
249 2109 318 2174 olim
338 2108 476 2174 iudicium
498 2107 616 2193 aliquod
635 2108 668 2172 in
688 2129 779 2174 scena
799 2109 1081 2197 repraesentavisse,
1102 2108 1179 2194 quod
1200 2108 1285 2193 quale

112 2193 206 2260 fuerit
229 2130 302 2259 licet
326 2193 471 2259 coniicere
498 2213 537 2257 ex
563 2213 599 2258 eo
625 2193 809 2303 fragmento,
851 2194 927 2279 quod
955 2193 1085 2258 servavit
1110 2192 1284 2260 Athenaeus

110 2276 156 2346 Ῑι.
175 2277 245 2349 Vll.
265 2300 294 2368 p.
315 2280 378 2344 326
399 2277 445 2343 A:
480 2274 577 2342 Ὅταν
598 2275 628 2341 d'
652 2275 787 2353 Εὔπολις
808 2278 841 2343 ἓν
861 2278 1092 2363 Προσπαλτίοις
1112 2277 1199 2365 λέγῃ·

198 2374 317 2465 Μῆτηρ
338 2402 385 2455 τις
407 2375 492 2464 αὐτῷ
516 2379 644 2468 Θρᾷττα
666 2374 859 2455 ταινιόπωλις
879 2370 927 2460 ἦν.

111 2480 162 2547 tut
183 2486 245 2545 τῶν
264 2476 283 2543 ri
311 2473 457 2560 ασμολταιν
476 2477 553 2562 λέγει
574 2479 626 2541 καλ
647 2483 709 2542 τῶν
729 2481 845 2557 ζωνῶν,
878 2473 929 2552 οἷς
949 2478 984 2543 αλ
1005 2486 1143 2578 γυναῖκες
1164 2479 1283 2565 περιδέ-

110 2588 208 2632 ονται.
229 2504 350 2629 Exboc
363 2564 440 2628 enim
456 2583 545 2628 versu
563 2570 684 2650 apparet
698 2563 786 2627 alicui
804 2562 885 2627 litem
897 2563 1118 2651 peregrinitatis
1139 2564 1281 2630 intentam

110 2670 195 2722 esse:
217 2650 292 2715 nihil
313 2655 409 2714 autem
429 2649 482 2713 illo
503 2655 633 2735 tempore
654 2648 710 2712 luit
730 2647 923 2732 frequentius,
945 2668 1029 2732 quam
1050 2648 1137 2712 huius
1181 2649 1280 2714 eneris

110 2756 235 2815 eausae;
261 2733 421 2822 inprimis
448 2739 543 2797 autem
570 2731 669 2796 multis
690 2733 806 2797 crimini
831 2733 1016 2814 vertebatur,
1043 2732 1120 2817 quod
1173 2732 1281 2799 bressa

109 2827 206 2887 matre
225 2819 337 2885 suerint
352 2818 423 2883 uati.
445 2816 507 2883 Sed
524 2823 556 2880 nt
576 2836 634 2904 ego
655 2817 760 2906 opinor
781 2838 842 2881 non
862 2817 949 2882 finxit
968 2817 1042 2881 haec
1063 2815 1161 2881 omnia
1181 2824 1279 2906 poeta,
1327 2864 1337 2876 ,

109 2904 166 2970 sed
187 2911 296 2969 certum
318 2902 460 2989 quendam
486 2901 634 2966 homiuem
654 2903 801 2990 respexit,
828 2901 910 2966 euius
932 2900 1117 3004 cupiditatem
1138 2901 1183 2965 rei
1203 2899 1280 2966 iudi·

109 2988 195 3055 cialis
216 2989 341 3054 rideret:
370 2988 430 3050 nisi
450 2985 540 3051 lallor
560 2986 669 3073 scripta
689 2994 737 3051 est
756 2986 829 3050 haec
849 2985 950 3050 fabula
971 3007 1003 3050 m
1024 2983 1103 3050 lluth
1145 2985 1278 3069 brenem,

108 3074 194 3139 cuius
216 3094 255 3137 ex
275 3071 464 3161 popularibus
481 3070 657 3158 compositus
678 3070 769 3135 luerit
789 3070 956 3135 comoediae
968 3070 1085 3134 chorus.
1135 3070 1179 3134 nit
1199 3069 1277 3136 enim

107 3156 159 3223 hic
178 3156 378 3247 Euthyphron
398 3156 595 3245 Prospaltius,
616 3154 675 3220 vid.
696 3154 784 3219 Plato
805 3155 838 3218 in
859 3151 985 3241 Cratylo
1026 3153 1120 3220 .3se
1140 3153 1189 3218 Da
1209 3155 1275 3217 Kal

107 3244 258 3322 αἰτιῶμαί
276 3266 325 3326 γε,
357 3231 593 3325 ὦἛρμόγενες,
617 3235 753 3321 μάλιστα
781 3236 878 3322 αὐτὴν
903 3236 965 3302 ἀπὸ
1013 3233 1194 3323 ὗθιλφρονος
1218 3243 1274 3302 τοῦ

106 3327 332 3412 Προσπαλτίου
353 3323 619 3409 προσπεπτωκέναι
640 3348 705 3405 μοι.
737 3321 799 3389 Sed
820 3344 881 3387 non
901 3322 996 3389 solum
1017 3321 1151 3409 origine,
1171 3343 1275 3389 verum

106 3412 197 3477 etiam
218 3411 341 3499 ingenio
361 3410 418 3474 luit
437 3409 636 3498 Prospaltius:
660 3407 737 3497 patri
757 3408 835 3472 enim
855 3407 920 3495 ipse
941 3406 1066 3471 intendit
1086 3405 1177 3490 litem,
1198 3406 1274 3492 quod

127 3497 269 3583 eregriua
285 3500 366 3560 esset
386 3495 429 3559 ori
455 3494 462 3508 '
486 3516 518 3559 er
539 3515 597 3593 pua
616 3494 669 3559 lite
689 3500 722 3558 ut
742 3491 909 3575 desisteret,
932 3511 1024 3578 aege
1045 3511 1110 3556 eum
1131 3492 1276 3578 permovit

105 3515 263 3662 bocrates,
295 3581 370 3645 sicut
396 3515 491 3643 relabi
516 3577 672 3664 Diogenes
697 3577 839 3642 Laertius
866 3575 1046 3657 11.5,29:
1079 3570 1274 3663 Εὐθύφρονα

105 3665 141 3729 dt
161 3670 205 3752 τῷ
227 3668 319 3749 πατρλ
346 3659 545 3747 γραψάμενον
565 3664 662 3740 ξενίας
683 3664 786 3743 δίκην,
816 3662 882 3746 περλ
905 3655 990 3725 ὁσίου
1011 3658 1079 3725 τινολ
1101 3661 1273 3743 διαλεχθεὶς
1343 3725 1347 3734 ,

105 3746 253 3833 ἀπήγαγε.
297 3749 390 3823 Quale
420 3749 531 3812 crimen
562 3769 627 3813 cum
657 3746 718 3811 nisi
745 3745 831 3810 homo
862 3745 1056 3813 malesanus
1086 3765 1147 3809 nou
1193 3751 1274 3810 osset

105 3836 253 3899 coniicere
273 3835 304 3898 iu
325 3840 448 3922 patrem,
470 3853 572 3898 omnes
592 3832 794 3898 Athenienses
816 3829 937 3895 miratos
959 3850 1026 3895 esse
1047 3826 1168 3917 lluthyp
1224 3829 1272 3896 nis

103 3919 263 4001 insaniam,
284 3925 512 3984 consentaneum
533 3922 593 3982 est:
614 3938 671 3981 uec
691 3916 805 3996 mirum,
826 3915 938 4000 siquis
959 3912 1085 3978 comicus
1105 3912 1163 3978 hoc
1182 3935 1217 3979 ar
1258 3913 1294 3968 ιι

103 4011 204 4070 mente
226 4014 296 4067 usus
319 4003 373 4085 sit,
394 4009 426 4066 ut
446 4007 624 4067 monstraret
644 3999 895 4082 Atheniensibus,
935 4019 1002 4063 uam
1047 3997 1194 4063 erniciosa
1217 3935 1272 4064 lla

102 4089 197 4155 nimia
217 4088 359 4176 cupiditas
379 4088 425 4152 rei
446 4086 591 4162 iudicialis
608 4092 697 4150 esset.
719 4083 812 4158 Quam
832 4105 898 4149 uam
938 4083 995 4148 ‘ter
1003 4017 1091 4148 Plato
1111 4079 1272 4170 inEuthy·
1290 4104 1299 4168 ι

102 4175 220 4264 phrouc
240 4195 303 4238 rem
323 4178 439 4250 narrat;
468 4171 539 4236 dicit
559 4169 637 4236 euim
657 4169 740 4235 illum
767 4169 846 4234 cae‘
886 4167 967 4234 litem
992 4165 1156 4233 intendisse
1175 4166 1267 4257 patri:

103 4280 134 4349 p.
156 4257 182 4325 4.
194 4257 239 4324 A:
254 4254 346 4351 Ἔστι
368 4256 403 4322 δὲ
423 4254 465 4341 δή
484 4279 548 4335 σοι,
568 4247 595 4322 ὦ
615 4250 797 4342 serapam,
819 4253 865 4331 τίς
885 4249 905 4337 ip
926 4252 1012 4336 δίνης
1032 4245 1151 4340 φειλγεις
1171 4248 1269 4334 αιἰτὴν
