2768 4770
332 205 392 272 DE
414 205 557 283 nnus
580 203 768 275 (λθΜΟΕΙ).
792 203 899 274 ΔΤΤ.
920 203 1068 281 Anno.
1185 266 1188 272 .
1223 205 1288 274 ³19

102 377 157 445 όνί
181 375 291 461 αιἰτῆς,
312 374 392 458 μετὰ
413 374 452 440 cd
473 376 506 438 ἐν
519 374 669 464 Πλαταίηι
688 378 751 439 τῶν
771 368 961 439 ἐσελθόντων
974 375 1127 458 Θηβαίων
1143 371 1289 460 γενόμενα

103 461 229 573 pulpa
257 461 494 547 ὀγδοηκοστῇ
526 457 696 541 μάλιστα
726 464 793 524 τοῦ
821 458 967 544 θέρους
993 462 1054 523 καί
1080 466 1150 525 τοῦ
1177 462 1288 526 σίτου

102 528 345 632 ακμόζοντος
366 544 514 625 ἐσέβαλον
534 545 566 621 ἐς
586 543 643 626 τὴν
657 540 807 626 Ἀττικήν.
830 543 891 608 lam
909 544 1143 611 Lacedaemonii
1164 553 1289 632 quanto-

143 657 178 700 re
205 642 315 698 terram
335 630 466 696 Atticam
487 627 683 710 afflixerint*
696 629 781 695 docet
800 630 896 693 inire:
919 626 1051 694 Ἔπειτα
1072 628 1285 718 προύχώρουν,

121 747 138 784 ν
160 722 245 794 δεξιᾶ
271 717 389 798 ἐχοντες
414 713 449 778 τό
470 711 632 797 Αίγόλεων
653 712 742 798 όρος,
770 711 822 778 διὰ
845 716 1023 796 Κρωπειᾶς,
1052 715 1109 792 ἐως
1136 716 1286 802 ἀφίκοντο

104 809 149 883 εές
164 782 315 887 Ἀχόρνὰς
338 802 453 886 χωρίον
474 799 616 907 μέγιστον
637 805 692 882 τῆς
707 796 845 882 Ἀττικῆς
866 803 927 867 τῶν
949 795 1055 880 δήμων
1075 803 1286 882 καλουμένων·
1310 859 1313 863 .

104 893 157 959 καλ
189 885 386 967 καθεζόμενοι
418 885 450 962 ἐς
482 883 558 949 αυτό
591 879 799 970 στρατόπεδόν
830 908 861 947 τε
896 881 1078 966 ἐποιήσαντο
1108 883 1222 972 χρόνον
1252 915 1286 954 τε

104 974 206 1042 πολόν
231 975 384 1051 μείναντες
410 969 534 1050 ἐτεμνον
560 974 624 1034 κτλ.
667 968 870 1034 Athenienses
899 990 971 1033 vero
1007 970 1181 1036 calamitatis
1209 975 1288 1042 mole

103 1059 242 1151 oppressi
268 1056 381 1121 Ρεείιιί
412 1056 596 1121 timiditatem
627 1055 847 1143 exprobrabant
880 1054 1104 1140 aegerrimeque
1138 1059 1286 1143 ferebant,

104 1145 184 1233 quod
207 1165 266 1208 non
288 1164 386 1214 casua
408 1162 472 1205 cum
485 1139 733 1205 Lacedaemoniis
756 1140 893 1204 conferre
915 1139 1047 1221 auderet,
1068 1141 1128 1206 vid.
1143 1137 1295 1231 Thucydi

105 1255 133 1298 c.
154 1231 213 1297 21:
244 1225 370 1308 Ἐπειδὴ
393 1226 426 1289 δέ
448 1226 514 1308 περὶ
530 1223 682 1311 Ἀχαρνὰς
703 1221 783 1288 εἶδον
803 1224 857 1289 τόν
878 1224 1011 1306 στρατόν
1040 1222 1186 1306 ἐξήκοντα
1207 1253 1286 1292 στα-

105 1318 193 1390 δίους
227 1318 281 1395 τῆς
312 1310 427 1386 πόλεως
460 1308 627 1392 ἀπέχοντα,
670 1309 770 1374 οὐκέτι
798 1308 965 1390 ἀνασχετόν
992 1311 1166 1389 ἐποιοῦντο,
1211 1314 1283 1378 ἀλλ’

106 1401 213 1475 αὐτοῖς
221 1446 230 1475 ,
258 1395 300 1473 ὡς
321 1393 412 1472 εἰκός,
444 1400 500 1479 γῆς
526 1393 711 1478 τεμνομένης
738 1395 770 1459 ἐν
791 1400 835 1482 τῷ
863 1395 1005 1501 teperet,
1037 1393 1163 1460 όσόπω
1185 1395 1285 1485 {erpol-

105 1510 200 1551 κεσαν
222 1483 253 1546 o‘c'
270 1508 302 1567 γε
325 1477 471 1563 νεώτεροι,
495 1478 563 1544 odd'
588 1479 617 1544 ol
639 1476 838 1563 πρεσβύτεροι
860 1482 939 1560 πλην
961 1478 998 1542 τό
1022 1478 1165 1563 Μηδικά,
1187 1484 1286 1550 δεινόν

106 1573 266 1658 ἐφαίνετο,
293 1569 344 1632 καί
367 1565 462 1630 ἐδόκει
484 1575 548 1640 τοῖς
569 1589 601 1628 τε
623 1562 728 1640 ι’ίλλοις
748 1567 799 1627 καὶ
820 1560 955 1644 μόλιστα
975 1569 1013 1649 τῇ
1035 1563 1152 1648 νεότητι
1173 1569 1287 1645 ἐπεξιέ-

103 1682 158 1721 ναι
180 1652 295 1735 καὶμὴ
317 1657 477 1736 περιορᾶν,
508 1648 588 1713 κατὰ
614 1646 772 1724 ’ξυστόσεις
791 1673 824 1713 τε
845 1646 1012 1731 γιγνόμενοι
1035 1651 1068 1714 ἐν
1088 1657 1187 1737 πολλῇ
1208 1651 1286 1739 ἐριδι

104 1733 203 1826 ἦσαν,
232 1738 337 1817 οἱμὲν
358 1734 527 1811 κελεύοντες
547 1733 671 1810 ἐξιέναι,
701 1733 730 1796 oi
752 1731 789 1796 δέ
807 1757 885 1808 τινες
906 1731 962 1796 οὖν
990 1736 1111 1811 ἐῶντες·
1142 1762 1287 1820 χρησμο.

105 1823 194 1911 λόγοι
219 1849 252 1890 τε
277 1818 352 1910 ᾖδον
375 1820 537 1906 χρησμοδς
565 1819 744 1894 παντοίους,
778 1807 822 1881 ὧν
848 1815 1045 1899 ἀκροᾶσθαι,
1088 1815 1131 1895 ὡς
1158 1824 1286 1902 ἕκαστος

105 1909 239 1997 ὦργητο.
281 1908 417 1974 Omnium
447 1912 542 1969 autem
570 1905 698 1969 maxime
719 1902 948 1983 Acharnenses,
977 1903 1025 1967 rel
1053 1904 1162 1990 alioqui
1189 1929 1285 1993 acres,

107 1997 266 2106 eupiditate
288 1992 418 2059 bellandi
440 1990 623 2076 flagrabant:
647 1989 677 2052 οἵ
696 2012 728 2050 τε
747 1985 905 2071 Ἀχαρνῆς,
930 1983 1060 2068 οἰόμενοι
1083 1990 1168 2076 παρὰ
1181 1996 1287 2102 opime

107 2092 215 2161 αυτοῖς
242 2078 296 2146 οόκ
330 2077 491 2158 ἐλαχίστην
516 2084 630 2159 μοῖραν
662 2069 736 2136 εἶναι
758 2070 948 2154 Ἀθηναίων,
992 2069 1034 2149 ὡς
1067 2073 1169 2140 αὐτῶν
1194 2103 1215 2160 η
1245 2084 1285 2164 γῇ

106 2169 247 2249 ἐτέμνετο
253 2213 262 2244 ,
292 2166 397 2245 ἐνῆγον
417 2160 472 2243 τὴν
493 2158 600 2236 taeter
625 2154 777 2240 μάλιστα·
806 2159 900 2223 παντί
917 2182 950 2222 τε
971 2155 1077 2246 τρόπῳ
1099 2158 1286 2246 ἀνηρέθιστο

105 2249 254 2337 ἡπόλις,
286 2252 337 2313 καὶ
359 2246 412 2311 τόν
433 2246 587 2330 Περικλέα
607 2245 640 2308 ἐν
664 2243 680 2308 ό
700 2249 738 2329 γῇ
760 2238 854 2324 εἶχον,
883 2244 934 2307 καί
956 2233 999 2308 ὧν
1020 2242 1187 2331 παρῄνεσεν
1207 2246 1287 2336 πρό.

107 2363 206 2422 τερον,
229 2336 394 2417 ἐμέμνηντο
417 2329 515 2407 οὐδέν,
543 2328 613 2394 ἀλλ’
639 2331 775 2407 ἐκακιζον
797 2324 843 2392 ότι
865 2328 1036 2413 στρατηγός
1057 2329 1100 2395 τόν
1122 2330 1178 2397 οόκ
1199 2335 1286 2412 ἐπεξ-

107 2420 192 2508 όγοι,
225 2419 322 2485 αἴτιόν
353 2442 385 2481 τε
418 2418 523 2500 σφίσιν
555 2412 692 2495 ἐνόμιζον
718 2409 856 2490 πόντων,
884 2405 927 2478 ὧν
959 2412 1104 2496 ίπασχον.
1146 2417 1282 2488 Pericles

107 2530 199 2590 vero,
227 2507 274 2571 vir
296 2503 477 2568 constantine
508 2502 671 2581 maximae,
700 2497 776 2562 nihil
797 2499 969 2563 movebatur
989 2499 1107 2566 illorum
1134 2502 1197 2587 ira,
1232 2506 1287 2572 sed

109 2615 184 2680 quae
206 2591 303 2656 animo
326 2594 500 2674 conceperat
521 2585 656 2666 consiliu,
677 2592 799 2649 strenue
814 2591 971 2649 exsecutus
993 2593 1050 2668 est,
1073 2586 1286 2678 rid.Thucyd.

61 2696 65 2703 '
110 2701 136 2745 c.
153 2681 206 2743 22.
227 2679 381 2760 Περικλῆς
402 2673 436 2736 δέ
457 2668 538 2755 δρῶν
558 2669 615 2750 μέν
636 2666 750 2745 αὐτοὺς
771 2668 848 2753 πρός
869 2668 904 2734 τό
926 2667 1027 2754 παρόν
1044 2675 1287 2754 χαλεπαίνοντας

110 2765 161 2826 καλ
183 2759 220 2826 od
241 2759 281 2825 τό
303 2757 414 2842 όριστα
437 2761 645 2842 φρονοῦντας,
667 2751 818 2821 πιστεόων
843 2755 878 2819 δέ
898 2752 1003 2841 ὀρθῶς
1023 2754 1198 2842 γιγνοόσκειν
1218 2765 1287 2848 περί

109 2853 166 2912 τοῦ
194 2845 237 2927 μὴ
265 2845 427 2924 ἐπεξιέναι,
456 2844 618 2924 ἐκκλησίαν
643 2864 676 2911 τε
703 2837 759 2904 ode
786 2840 879 2906 ἐποίει
906 2840 1009 2906 αὐτῶν
1036 2841 1109 2908 οὐδὲ
1141 2842 1288 2932 ξόλλογσν

111 2928 222 2997 οόδένα
242 2936 298 2994 τοῦ
318 2927 363 3011 μὴ
391 2927 465 3012 ὀργῇ
487 2951 516 2990 τι
541 2930 661 3008 μᾶλλον
687 2923 708 3009 ἢ
734 2921 839 3013 γνιόμη
868 2924 1071 3004 ξυνελθόντας
1097 2930 1287 3019 ἐξαμαρτεῖν,

108 3013 224 3166 ἐν
238 3006 679 3165 stomomate
697 3006 832 3163 tcta
852 3007 1029 3162 itm
1048 3011 1287 3168 'cedda

144 3165 152 3183 ,
187 3147 195 3164 .
1030 3145 1039 3162 ·
1251 3127 1287 3171 ae

107 3126 247 3277 pryodidit.
269 3185 336 3250 Hoc
347 3184 441 3269 igitur
461 3189 592 3270 tempore
604 3180 784 3270 Hermippus
806 3181 957 3269 aptissime
978 3184 1072 3272 potuit
1092 3185 1151 3250 ista
1172 3186 1286 3255 dicerer

191 3266 230 3334 Ὁ
250 3268 330 3346 Ζεδς
350 3270 384 3335 δέ
404 3264 522 3332 τοότων
542 3265 631 3331 οὐδὲν
651 3262 880 3347 ἐνθυμούμενος

195 3357 338 3437 Μοιρῶν,
360 3353 542 3429 ξυνέπλαττε
566 3349 755 3434 Θετταλικὴν
773 3350 830 3433 τὴν
851 3349 981 3416 ίνθεσιν.

106 3441 216 3530 quibus
236 3439 317 3504 illius
338 3438 502 3506 socordiam
525 3444 554 3502 et
574 3436 742 3524 ignaviam,
788 3458 854 3503 uem
876 3436 1112 3521 arbitrabantur,
1141 3443 1287 3530 penti-in.

106 3533 206 3617 geret
248 3524 311 3591 Sed
337 3543 398 3590 non
424 3522 552 3589 Periclis
581 3522 674 3587 solius
699 3457 882 3587 timiditatem
910 3521 1042 3604 notovit,
1069 3545 1171 3592 vemm
1199 3531 1287 3596 etiam

105 3613 187 3678 elios
214 3610 317 3675 eodem
342 3610 462 3675 nomine
490 3607 696 3695 reprehendit:
727 3606 770 3673 ita
791 3605 969 3694 Nothippum
999 3608 1144 3694 tragicum
1171 3623 1286 3700 poetam

103 3703 218 3778 vexet,
249 3694 346 3783 lepide
379 3693 467 3761 simul
493 3693 557 3759 eius
588 3692 776 3778 gulositatem
810 3693 987 3778 exagitans,
1029 3694 1090 3759 rid.
1111 3696 1287 3765 Athenaeus

103 3781 195 3933 {pl}
215 3802 245 3869 p.
265 3779 404 3925 mlD:
447 3775 617 3845 Νόθιππον
642 3777 677 3841 δέ
707 3775 761 3841 τὸν
787 3776 1030 3863 τραγῳδιοποιόν
1049 3776 1229 3863 Ἕρμιππος
1254 3786 1288 3849 ἐν

149 3892 167 3933 ο
201 3891 232 3928 αι
318 3885 380 3927 σν·

180 3889 347 4031 ρΕίςδῬηῆν
367 3946 403 4012 τό
424 3948 511 4032 γένος
529 3953 592 4015 τῶν
617 3943 793 4030 ἀνθρώπων
822 3950 884 4011 τῶν
904 3951 960 4010 νῦν
979 3944 1096 4013 τοιόνδε
1116 3945 1285 4033 μάχεσθαι,

193 4037 261 4103 Καὶ
281 4037 372 4114 βατίς
392 4033 494 4101 αὐτῶν
514 4029 612 4118 ἡγεῖτ’
636 4028 714 4114 dard
734 4027 851 4116 μεγάλη
872 4033 922 4097 καί
945 4031 1078 4118 πλευρόν
1096 4031 1188 4114 deror,

195 4120 282 4196 Τοδς
306 4119 362 4201 μέν
394 4116 447 4206 [ἐρ’
471 4116 583 4195 ἄλλους
609 4120 757 4204 οέκσυρεῖν
780 4120 885 4267 χρηνὲ
907 4117 1035 4198 πέμπειν
1062 4118 1096 4182 δέ
1116 4117 1291 4189 Νόθιππον

801 4228 832 4267 εν
887 4226 952 4266 ντα.

195 4285 251 4367 Εἷς
271 4288 330 4377 γὰρ
349 4285 445 4373 μόνος
463 4286 503 4359 ἐν
518 4283 757 4370 κατιβσόχθιοιν
772 4283 811 4353 δν
825 4286 883 4371 τὴν
893 4282 1130 4372 Πελοπόννησον
1150 4289 1285 4359 ἅπασαν.
1373 4339 1374 4342 ι
