<?xml version="1.0" encoding="UTF-8"?>
<!DOCTYPE html PUBLIC "-//W3C//DTD XHTML 1.0 Transitional//EN"
    "http://www.w3.org/TR/xhtml1/DTD/xhtml1-transitional.dtd">
<html xmlns="http://www.w3.org/1999/xhtml" xml:lang="en" lang="en">
 <head>
  <title>
</title>
<meta http-equiv="Content-Type" content="text/html;charset=utf-8" />
  <meta name='ocr-system' content='tesseract 3.04.00' />
  <meta name='ocr-capabilities' content='ocr_page ocr_carea ocr_par ocr_line ocrx_word'/>
</head>
<body>
  <div class='ocr_page' id='page_1' title='image "./commentationumd00berggoog_0361.png"; bbox 0 0 2768 4770; ppageno 0'>
   <div class='ocr_carea' id='block_1_1' title="bbox 260 192 1214 292">
    <p class='ocr_par' dir='ltr' id='par_1_1' title="bbox 260 192 1214 292">
     <span class='ocr_line' id='line_1_1' title="bbox 260 192 1214 292; baseline 0.003 -17"><span class='ocrx_word' id='word_1_1' title='bbox 260 205 321 275; x_wconf 78' lang='lat' dir='ltr'><strong>DE</strong></span> <span class='ocrx_word' id='word_1_2' title='bbox 340 192 485 284; x_wconf 77' lang='lat' dir='ltr'><strong>nume.</strong></span> <span class='ocrx_word' id='word_1_3' title='bbox 504 204 694 276; x_wconf 75' lang='lat' dir='ltr'><strong>COMOED.</strong></span> <span class='ocrx_word' id='word_1_4' title='bbox 714 204 821 274; x_wconf 79' lang='grc' dir='ltr'><strong>ΑΤΤ.</strong></span> <span class='ocrx_word' id='word_1_5' title='bbox 841 204 987 283; x_wconf 79' lang='lat' dir='ltr'><strong>Amne.</strong></span> <span class='ocrx_word' id='word_1_6' title='bbox 1148 208 1214 292; x_wconf 76' lang='lat' dir='ltr'><strong>atr</strong></span> 
     </span>
    </p>
   </div>
   <div class='ocr_carea' id='block_1_2' title="bbox 74 369 1269 2913">
    <p class='ocr_par' dir='ltr' id='par_1_2' title="bbox 448 369 733 458">
     <span class='ocr_line' id='line_1_2' title="bbox 448 369 733 458; baseline 0 -19"><span class='ocrx_word' id='word_1_7' title='bbox 448 369 621 454; x_wconf 79' lang='grc' dir='ltr'><strong><em>Κόκκαβον</em></strong></span> <span class='ocrx_word' id='word_1_8' title='bbox 639 371 733 458; x_wconf 71' lang='grc' dir='ltr'><strong><em>λίνω·</em></strong></span> 
     </span>
    </p>

    <p class='ocr_par' dir='ltr' id='par_1_3' title="bbox 124 456 990 541">
     <span class='ocr_line' id='line_1_3' title="bbox 124 456 990 541; baseline -0.003 -15"><span class='ocrx_word' id='word_1_9' title='bbox 124 462 171 526; x_wconf 68' lang='lat' dir='ltr'><strong>&gt;ld</strong></span> <span class='ocrx_word' id='word_1_10' title='bbox 193 457 225 525; x_wconf 83' lang='grc' dir='ltr'><strong>δ’</strong></span> <span class='ocrx_word' id='word_1_11' title='bbox 249 458 324 535; x_wconf 69' lang='lat' dir='ltr'><strong>iuer</strong></span> <span class='ocrx_word' id='word_1_12' title='bbox 344 456 383 523; x_wconf 82' lang='grc' dir='ltr'><strong><em>δὶν</em></strong></span> <span class='ocrx_word' id='word_1_13' title='bbox 403 458 498 536; x_wconf 77' lang='grc' dir='ltr'><strong><em>εἴποις</em></strong></span> <span class='ocrx_word' id='word_1_14' title='bbox 518 457 646 525; x_wconf 76' lang='grc' dir='ltr'><strong><em>λόπαδ’.</em></strong></span> <span class='ocrx_word' id='word_1_15' title='bbox 683 457 778 541; x_wconf 78' lang='grc' dir='ltr'><strong><em>Ἐμοί</em></strong></span> <span class='ocrx_word' id='word_1_16' title='bbox 800 458 835 525; x_wconf 77' lang='grc' dir='ltr'><strong>δὲ</strong></span> <span class='ocrx_word' id='word_1_17' title='bbox 853 456 990 541; x_wconf 82' lang='grc' dir='ltr'><strong><em>τοῦτομα</em></strong></span> 
     </span>
    </p>

    <p class='ocr_par' dir='ltr' id='par_1_4' title="bbox 129 541 740 630">
     <span class='ocr_line' id='line_1_4' title="bbox 129 541 740 630; baseline -0.007 -18"><span class='ocrx_word' id='word_1_18' title='bbox 129 547 195 612; x_wconf 79' lang='grc' dir='ltr'><strong><em>Οἴει</em></strong></span> <span class='ocrx_word' id='word_1_19' title='bbox 217 546 386 630; x_wconf 69' lang='grc' dir='ltr'><strong><em>διαφέρειν,</em></strong></span> <span class='ocrx_word' id='word_1_20' title='bbox 409 544 466 609; x_wconf 75' lang='grc' dir='ltr'><strong><em>εἴτε</em></strong></span> <span class='ocrx_word' id='word_1_21' title='bbox 487 541 643 625; x_wconf 79' lang='grc' dir='ltr'><strong><em>κάκκαβόν</em></strong></span> <span class='ocrx_word' id='word_1_22' title='bbox 662 568 740 619; x_wconf 89' lang='grc' dir='ltr'><strong><em>τινες</em></strong></span> 
     </span>
    </p>

    <p class='ocr_par' dir='ltr' id='par_1_5' title="bbox 74 628 1269 2149">
     <span class='ocr_line' id='line_1_5' title="bbox 124 628 786 715; baseline -0.005 -21"><span class='ocrx_word' id='word_1_23' title='bbox 124 631 299 715; x_wconf 84' lang='grc' dir='ltr'><strong><em>Χαίροασιν</em></strong></span> <span class='ocrx_word' id='word_1_24' title='bbox 319 628 526 712; x_wconf 78' lang='grc' dir='ltr'><strong><em>ὀνομάζοντες,</em></strong></span> <span class='ocrx_word' id='word_1_25' title='bbox 548 629 605 694; x_wconf 72' lang='grc' dir='ltr'><strong><em>εἴτε</em></strong></span> <span class='ocrx_word' id='word_1_26' title='bbox 625 630 786 711; x_wconf 84' lang='grc' dir='ltr'><strong><em>σίττυβον,·</em></strong></span> 
     </span>
     <span class='ocr_line' id='line_1_6' title="bbox 74 708 1212 806; baseline 0.001 -26"><span class='ocrx_word' id='word_1_27' title='bbox 74 719 105 780; x_wconf 83' lang='lat' dir='ltr'><strong>ul</strong></span> <span class='ocrx_word' id='word_1_28' title='bbox 135 711 313 799; x_wconf 82' lang='grc' dir='ltr'><strong><em>Νικοχάρης</em></strong></span> <span class='ocrx_word' id='word_1_29' title='bbox 337 715 371 778; x_wconf 73' lang='grc' dir='ltr'><strong>δὲ</strong></span> <span class='ocrx_word' id='word_1_30' title='bbox 398 716 430 778; x_wconf 76' lang='grc' dir='ltr'><strong><em>δν</em></strong></span> <span class='ocrx_word' id='word_1_31' title='bbox 455 715 616 797; x_wconf 75' lang='grc' dir='ltr'><strong>Λημνίαις</strong></span> <span class='ocrx_word' id='word_1_32' title='bbox 647 714 763 799; x_wconf 73' lang='grc' dir='ltr'><strong><em>εἴρηκεν</em></strong></span> <span class='ocrx_word' id='word_1_33' title='bbox 791 708 975 794; x_wconf 80' lang='grc' dir='ltr'><strong><em>κακκόβοας.</em></strong></span> <span class='ocrx_word' id='word_1_34' title='bbox 1017 715 1212 806; x_wconf 83' lang='lat' dir='ltr'><strong>Hermippum</strong></span> 
     </span>
     <span class='ocr_line' id='line_1_7' title="bbox 77 799 1210 887; baseline 0.003 -22"><span class='ocrx_word' id='word_1_35' title='bbox 77 811 154 882; x_wconf 91' lang='lat' dir='ltr'><strong>tem,</strong></span> <span class='ocrx_word' id='word_1_36' title='bbox 197 800 271 864; x_wconf 91' lang='lat' dir='ltr'><strong>alias</strong></span> <span class='ocrx_word' id='word_1_37' title='bbox 316 800 452 887; x_wconf 83' lang='lat' dir='ltr'>germani</span> <span class='ocrx_word' id='word_1_38' title='bbox 483 799 628 864; x_wconf 85' lang='lat' dir='ltr'><strong>sermonis</strong></span> <span class='ocrx_word' id='word_1_39' title='bbox 655 799 834 880; x_wconf 89' lang='lat' dir='ltr'><strong>studiosum,</strong></span> <span class='ocrx_word' id='word_1_40' title='bbox 876 808 944 886; x_wconf 86' lang='lat' dir='ltr'><strong>putu</strong></span> <span class='ocrx_word' id='word_1_41' title='bbox 971 803 1058 865; x_wconf 88' lang='lat' dir='ltr'><strong>metri</strong></span> <span class='ocrx_word' id='word_1_42' title='bbox 1083 805 1210 868; x_wconf 85' lang='lat' dir='ltr'><strong>maxime</strong></span> 
     </span>
     <span class='ocr_line' id='line_1_8' title="bbox 74 883 1211 954; baseline 0.004 -4"><span class='ocrx_word' id='word_1_43' title='bbox 74 886 167 950; x_wconf 88' lang='lat' dir='ltr'><strong>uculis</strong></span> <span class='ocrx_word' id='word_1_44' title='bbox 203 885 391 949; x_wconf 83' lang='lat' dir='ltr'><strong>constrictum</strong></span> <span class='ocrx_word' id='word_1_45' title='bbox 422 885 500 948; x_wconf 88' lang='lat' dir='ltr'><strong>hauc</strong></span> <span class='ocrx_word' id='word_1_46' title='bbox 528 884 653 948; x_wconf 85' lang='lat' dir='ltr'><strong>formam</strong></span> <span class='ocrx_word' id='word_1_47' title='bbox 686 883 851 948; x_wconf 78' lang='lat' dir='ltr'><strong>admisisse.</strong></span> <span class='ocrx_word' id='word_1_48' title='bbox 892 884 975 949; x_wconf 89' lang='lat' dir='ltr'><strong>Idem</strong></span> <span class='ocrx_word' id='word_1_49' title='bbox 1008 886 1211 954; x_wconf 81' lang='lat' dir='ltr'><strong>Antiatticista</strong></span> 
     </span>
     <span class='ocr_line' id='line_1_9' title="bbox 90 966 1210 1056; baseline 0.004 -21"><span class='ocrx_word' id='word_1_50' title='bbox 90 971 170 1051; x_wconf 80' lang='lat'><strong>105,</strong></span> <span class='ocrx_word' id='word_1_51' title='bbox 191 971 227 1035; x_wconf 92' lang='lat'><strong>8:</strong></span> <span class='ocrx_word' id='word_1_52' title='bbox 254 966 419 1050; x_wconf 84' lang='grc' dir='ltr'><strong><em>Κατόχους</em></strong></span> <span class='ocrx_word' id='word_1_53' title='bbox 438 967 523 1044; x_wconf 83' lang='grc' dir='ltr'><strong><em>τινὰς</em></strong></span> <span class='ocrx_word' id='word_1_54' title='bbox 543 968 680 1054; x_wconf 71' lang='grc' dir='ltr'><strong><em>λέγουσιν</em></strong></span> <span class='ocrx_word' id='word_1_55' title='bbox 701 968 731 1031; x_wconf 72' lang='grc' dir='ltr'><strong>οἳ</strong></span> <span class='ocrx_word' id='word_1_56' title='bbox 751 970 947 1049; x_wconf 77' lang='grc' dir='ltr'><strong><em>παιδοτρΐβαι</em></strong></span> <span class='ocrx_word' id='word_1_57' title='bbox 970 973 1019 1032; x_wconf 77' lang='grc' dir='ltr'><strong>καὶ</strong></span> <span class='ocrx_word' id='word_1_58' title='bbox 1042 970 1210 1056; x_wconf 80' lang='grc' dir='ltr'><strong><em>κατόχιος</em></strong></span> 
     </span>
     <span class='ocr_line' id='line_1_10' title="bbox 74 1050 1211 1139; baseline 0.009 -23"><span class='ocrx_word' id='word_1_59' title='bbox 74 1069 159 1138; x_wconf 69' lang='lat' dir='ltr'><strong>prpter</strong></span> <span class='ocrx_word' id='word_1_60' title='bbox 183 1052 248 1117; x_wconf 81' lang='grc' dir='ltr'><strong><em>οἰντὶ</em></strong></span> <span class='ocrx_word' id='word_1_61' title='bbox 274 1059 330 1117; x_wconf 89' lang='grc' dir='ltr'><strong><em>τοῦ</em></strong></span> <span class='ocrx_word' id='word_1_62' title='bbox 351 1057 559 1134; x_wconf 77' lang='grc' dir='ltr'><strong><em>μνημονικῶς·</em></strong></span> <span class='ocrx_word' id='word_1_63' title='bbox 584 1052 763 1136; x_wconf 79' lang='grc' dir='ltr'><strong><em>Ἕρμιππος</em></strong></span> <span class='ocrx_word' id='word_1_64' title='bbox 788 1050 960 1134; x_wconf 85' lang='grc' dir='ltr'><strong><em>Δημόταις.</em></strong></span> <span class='ocrx_word' id='word_1_65' title='bbox 989 1055 1065 1139; x_wconf 88' lang='lat' dir='ltr'><strong>qued</strong></span> <span class='ocrx_word' id='word_1_66' title='bbox 1091 1078 1165 1125; x_wconf 86' lang='lat' dir='ltr'><strong>sune</strong></span> <span class='ocrx_word' id='word_1_67' title='bbox 1192 1082 1211 1125; x_wconf 81' lang='lat' dir='ltr'><strong>a</strong></span> 
     </span>
     <span class='ocr_line' id='line_1_11' title="bbox 74 1138 1210 1226; baseline 0.007 -22"><span class='ocrx_word' id='word_1_68' title='bbox 74 1139 160 1226; x_wconf 84' lang='lat' dir='ltr'><strong>dgari</strong></span> <span class='ocrx_word' id='word_1_69' title='bbox 180 1138 315 1203; x_wconf 81' lang='lat' dir='ltr'>vocabuli</span> <span class='ocrx_word' id='word_1_70' title='bbox 342 1160 397 1202; x_wconf 89' lang='lat' dir='ltr'><strong>usu</strong></span> <span class='ocrx_word' id='word_1_71' title='bbox 423 1139 579 1220; x_wconf 88' lang='lat' dir='ltr'><strong>abhorret,</strong></span> <span class='ocrx_word' id='word_1_72' title='bbox 608 1138 669 1203; x_wconf 92' lang='lat' dir='ltr'><strong>nisi</strong></span> <span class='ocrx_word' id='word_1_73' title='bbox 688 1138 767 1203; x_wconf 82' lang='lat' dir='ltr'><strong>ferte</strong></span> <span class='ocrx_word' id='word_1_74' title='bbox 807 1146 873 1202; x_wconf 88' lang='lat' dir='ltr'><strong>ueta</strong></span> <span class='ocrx_word' id='word_1_75' title='bbox 893 1139 934 1203; x_wconf 89' lang='lat' dir='ltr'><strong>ita</strong></span> <span class='ocrx_word' id='word_1_76' title='bbox 954 1139 1046 1222; x_wconf 84' lang='lat' dir='ltr'><strong>dixit,</strong></span> <span class='ocrx_word' id='word_1_77' title='bbox 1075 1148 1109 1207; x_wconf 93' lang='lat' dir='ltr'><strong>ut</strong></span> <span class='ocrx_word' id='word_1_78' title='bbox 1129 1151 1210 1212; x_wconf 85' lang='lat' dir='ltr'><strong>esset</strong></span> 
     </span>
     <span class='ocr_line' id='line_1_12' title="bbox 75 1159 1269 1312; baseline 0.006 -24"><span class='ocrx_word' id='word_1_79' title='bbox 75 1232 218 1297; x_wconf 71' lang='grc' dir='ltr'><strong><em>αἰπδίαο,</em></strong></span> <span class='ocrx_word' id='word_1_80' title='bbox 247 1224 285 1287; x_wconf 89' lang='lat' dir='ltr'><strong>cf.</strong></span> <span class='ocrx_word' id='word_1_81' title='bbox 307 1222 417 1287; x_wconf 82' lang='lat' dir='ltr'>Pollux</span> <span class='ocrx_word' id='word_1_82' title='bbox 441 1224 467 1288; x_wconf 93' lang='grc' dir='ltr'><strong>Ι.</strong></span> <span class='ocrx_word' id='word_1_83' title='bbox 489 1222 541 1289; x_wconf 83' lang='grc'><strong>15.</strong></span> <span class='ocrx_word' id='word_1_84' title='bbox 557 1222 613 1288; x_wconf 89' lang='grc' dir='ltr'><strong>ΠΙ.</strong></span> <span class='ocrx_word' id='word_1_85' title='bbox 635 1223 687 1288; x_wconf 83' lang='grc'><strong>68.</strong></span> <span class='ocrx_word' id='word_1_86' title='bbox 707 1259 751 1272; x_wconf 88' lang='lat'>-</span> <span class='ocrx_word' id='word_1_87' title='bbox 783 1159 881 1288; x_wconf 59' lang='lat' dir='ltr'><strong>ierne</strong></span> <span class='ocrx_word' id='word_1_88' title='bbox 902 1224 977 1288; x_wconf 89' lang='lat' dir='ltr'><strong>idem</strong></span> <span class='ocrx_word' id='word_1_89' title='bbox 999 1231 1208 1312; x_wconf 88' lang='lat' dir='ltr'><strong>grammaticus</strong></span> <span class='ocrx_word' id='word_1_90' title='bbox 1266 1222 1269 1228; x_wconf 43' lang='lat'><strong>¹</strong></span> 
     </span>
     <span class='ocr_line' id='line_1_13' title="bbox 89 1303 1208 1395; baseline 0.004 -21"><span class='ocrx_word' id='word_1_91' title='bbox 89 1309 169 1374; x_wconf 81' lang='lat'><strong>106:</strong></span> <span class='ocrx_word' id='word_1_92' title='bbox 190 1308 402 1390; x_wconf 76' lang='grc' dir='ltr'><strong><em>Λεπτολογία·</em></strong></span> <span class='ocrx_word' id='word_1_93' title='bbox 417 1304 597 1388; x_wconf 80' lang='grc' dir='ltr'><strong><em>Ἕρμιππος</em></strong></span> <span class='ocrx_word' id='word_1_94' title='bbox 617 1303 788 1391; x_wconf 83' lang='grc' dir='ltr'><strong><em>Δημόταις.</em></strong></span> <span class='ocrx_word' id='word_1_95' title='bbox 822 1306 883 1373; x_wconf 84' lang='lat' dir='ltr'><strong>Sed</strong></span> <span class='ocrx_word' id='word_1_96' title='bbox 904 1329 978 1393; x_wconf 84' lang='lat' dir='ltr'><strong>quae</strong></span> <span class='ocrx_word' id='word_1_97' title='bbox 999 1331 1088 1376; x_wconf 86' lang='lat' dir='ltr'><strong>causa</strong></span> <span class='ocrx_word' id='word_1_98' title='bbox 1107 1314 1208 1395; x_wconf 81' lang='lat' dir='ltr'><strong>fuerit,</strong></span> 
     </span>
     <span class='ocr_line' id='line_1_14' title="bbox 74 1392 1209 1487; baseline 0.006 -28"><span class='ocrx_word' id='word_1_99' title='bbox 74 1415 92 1459; x_wconf 90' lang='lat' dir='ltr'><strong>r</strong></span> <span class='ocrx_word' id='word_1_100' title='bbox 114 1393 249 1479; x_wconf 82' lang='lat' dir='ltr'>germani</span> <span class='ocrx_word' id='word_1_101' title='bbox 262 1392 411 1456; x_wconf 81' lang='lat' dir='ltr'><strong>Atticismi</strong></span> <span class='ocrx_word' id='word_1_102' title='bbox 432 1393 536 1457; x_wconf 88' lang='lat' dir='ltr'><strong>arbitri</strong></span> <span class='ocrx_word' id='word_1_103' title='bbox 547 1392 604 1457; x_wconf 89' lang='lat' dir='ltr'><strong>huc</strong></span> <span class='ocrx_word' id='word_1_104' title='bbox 614 1393 786 1457; x_wconf 88' lang='lat' dir='ltr'><strong>vccabulum</strong></span> <span class='ocrx_word' id='word_1_105' title='bbox 803 1394 981 1480; x_wconf 78' lang='lat' dir='ltr'><strong>spreverint,</strong></span> <span class='ocrx_word' id='word_1_106' title='bbox 1001 1400 1209 1487; x_wconf 84' lang='lat' dir='ltr'><strong>nunexpediu.</strong></span> 
     </span>
     <span class='ocr_line' id='line_1_15' title="bbox 74 1476 1209 1566; baseline 0.002 -22"><span class='ocrx_word' id='word_1_107' title='bbox 74 1477 128 1544; x_wconf 88' lang='lat' dir='ltr'><strong>dde</strong></span> <span class='ocrx_word' id='word_1_108' title='bbox 149 1484 303 1564; x_wconf 80' lang='lat' dir='ltr'><strong>praeterea</strong></span> <span class='ocrx_word' id='word_1_109' title='bbox 323 1477 393 1541; x_wconf 89' lang='lat' dir='ltr'><strong>ibid.</strong></span> <span class='ocrx_word' id='word_1_110' title='bbox 415 1499 443 1564; x_wconf 93' lang='lat' dir='ltr'><strong>p.</strong></span> <span class='ocrx_word' id='word_1_111' title='bbox 464 1478 523 1557; x_wconf 84' lang='grc'><strong>85,</strong></span> <span class='ocrx_word' id='word_1_112' title='bbox 544 1477 603 1543; x_wconf 81' lang='grc'><strong>31;</strong></span> <span class='ocrx_word' id='word_1_113' title='bbox 629 1480 660 1540; x_wconf 91' lang='grc' dir='ltr'><strong><em>Β</em></strong></span> <span class='ocrx_word' id='word_1_114' title='bbox 667 1482 749 1516; x_wconf 57' lang='lat' dir='ltr'><strong>‘&#39;m“</strong></span> <span class='ocrx_word' id='word_1_115' title='bbox 771 1476 862 1562; x_wconf 87' lang='grc' dir='ltr'><strong><em>Πρός</em></strong></span> <span class='ocrx_word' id='word_1_116' title='bbox 880 1477 953 1553; x_wconf 85' lang='grc' dir='ltr'><strong><em>τοδς</em></strong></span> <span class='ocrx_word' id='word_1_117' title='bbox 973 1478 1109 1566; x_wconf 84' lang='grc' dir='ltr'><strong><em>καταίρνη</em></strong></span> <span class='ocrx_word' id='word_1_118' title='bbox 1131 1483 1209 1549; x_wconf 81' lang='grc' dir='ltr'><strong><em>δινα-</em></strong></span> 
     </span>
     <span class='ocr_line' id='line_1_16' title="bbox 74 1558 1211 1645; baseline 0.006 -20"><span class='ocrx_word' id='word_1_119' title='bbox 74 1558 242 1645; x_wconf 79' lang='grc' dir='ltr'><strong><em>ννῆσαντας</em></strong></span> <span class='ocrx_word' id='word_1_120' title='bbox 266 1558 413 1625; x_wconf 80' lang='grc' dir='ltr'><strong><em>εἰώθασιν</em></strong></span> <span class='ocrx_word' id='word_1_121' title='bbox 440 1562 469 1624; x_wconf 82' lang='lat' dir='ltr'><strong>ni</strong></span> <span class='ocrx_word' id='word_1_122' title='bbox 498 1559 701 1637; x_wconf 71' lang='grc' dir='ltr'><strong><em>ἀντιτιθέντες</em></strong></span> <span class='ocrx_word' id='word_1_123' title='bbox 727 1560 900 1642; x_wconf 75' lang='grc' dir='ltr'><strong><em>αἰντεμβοῦν</em></strong></span> <span class='ocrx_word' id='word_1_124' title='bbox 926 1565 978 1627; x_wconf 78' lang='grc' dir='ltr'><strong>καὶ</strong></span> <span class='ocrx_word' id='word_1_125' title='bbox 1005 1562 1087 1630; x_wconf 73' lang='grc' dir='ltr'><strong><em>δ’στιν</em></strong></span> <span class='ocrx_word' id='word_1_126' title='bbox 1119 1568 1211 1635; x_wconf 74' lang='grc' dir='ltr'><strong><em>οἱονεὶ</em></strong></span> 
     </span>
     <span class='ocr_line' id='line_1_17' title="bbox 74 1643 1213 1746; baseline 0.006 -37"><span class='ocrx_word' id='word_1_127' title='bbox 74 1651 190 1746; x_wconf 50' lang='grc' dir='ltr'><strong><em>ειῖιμμαζ</em></strong></span> <span class='ocrx_word' id='word_1_128' title='bbox 214 1643 394 1727; x_wconf 78' lang='grc' dir='ltr'><strong><em>’Ἕρμιππος</em></strong></span> <span class='ocrx_word' id='word_1_129' title='bbox 414 1643 587 1727; x_wconf 86' lang='grc' dir='ltr'><strong><em>Δημόταις.</em></strong></span> <span class='ocrx_word' id='word_1_130' title='bbox 619 1666 695 1731; x_wconf 86' lang='lat' dir='ltr'><strong>quae</strong></span> <span class='ocrx_word' id='word_1_131' title='bbox 716 1667 772 1731; x_wconf 89' lang='lat' dir='ltr'><strong>que</strong></span> <span class='ocrx_word' id='word_1_132' title='bbox 792 1651 876 1736; x_wconf 87' lang='lat' dir='ltr'><strong>pactu</strong></span> <span class='ocrx_word' id='word_1_133' title='bbox 896 1647 1129 1737; x_wconf 84' lang='lat' dir='ltr'><strong>redintegranda</strong></span> <span class='ocrx_word' id='word_1_134' title='bbox 1150 1656 1213 1721; x_wconf 80' lang='lat' dir='ltr'><strong>sint</strong></span> 
     </span>
     <span class='ocr_line' id='line_1_18' title="bbox 74 1751 1215 1917; baseline 0.009 -37"><span class='ocrx_word' id='word_1_135' title='bbox 74 1751 357 1902; x_wconf 48' lang='lat' dir='ltr'><strong>urspepppppnpippo</strong></span> <span class='ocrx_word' id='word_1_136' title='bbox 379 1813 468 1877; x_wconf 84' lang='lat' dir='ltr'><strong>Divis</strong></span> <span class='ocrx_word' id='word_1_137' title='bbox 495 1834 584 1877; x_wconf 92' lang='lat' dir='ltr'><strong>unum</strong></span> <span class='ocrx_word' id='word_1_138' title='bbox 615 1817 727 1877; x_wconf 91' lang='lat' dir='ltr'><strong>tantum</strong></span> <span class='ocrx_word' id='word_1_139' title='bbox 752 1813 950 1900; x_wconf 80' lang='lat' dir='ltr'>fragmentum</span> <span class='ocrx_word' id='word_1_140' title='bbox 978 1816 1104 1917; x_wconf 76' lang='lat' dir='ltr'><strong>seligam</strong></span> <span class='ocrx_word' id='word_1_141' title='bbox 1125 1821 1215 1908; x_wconf 87' lang='lat' dir='ltr'><strong>idque</strong></span> 
     </span>
     <span class='ocr_line' id='line_1_19' title="bbox 74 1896 1212 1991; baseline 0.004 -23"><span class='ocrx_word' id='word_1_142' title='bbox 74 1903 171 1968; x_wconf 84' lang='lat' dir='ltr'><strong>eviter</strong></span> <span class='ocrx_word' id='word_1_143' title='bbox 192 1900 405 1988; x_wconf 76' lang='lat' dir='ltr'><strong>perstringam:</strong></span> <span class='ocrx_word' id='word_1_144' title='bbox 427 1898 619 1978; x_wconf 79' lang='lat' dir='ltr'><strong>Athenaeus,</strong></span> <span class='ocrx_word' id='word_1_145' title='bbox 642 1897 691 1962; x_wconf 92' lang='lat' dir='ltr'><strong>ubi</strong></span> <span class='ocrx_word' id='word_1_146' title='bbox 713 1896 749 1961; x_wconf 89' lang='lat' dir='ltr'><strong>de</strong></span> <span class='ocrx_word' id='word_1_147' title='bbox 771 1903 968 1984; x_wconf 84' lang='lat' dir='ltr'><strong>temperatura</strong></span> <span class='ocrx_word' id='word_1_148' title='bbox 989 1902 1052 1967; x_wconf 82' lang='lat' dir='ltr'><strong>vim</strong></span> <span class='ocrx_word' id='word_1_149' title='bbox 1073 1903 1212 1991; x_wconf 85' lang='lat' dir='ltr'><strong>loquitur,</strong></span> 
     </span>
     <span class='ocr_line' id='line_1_20' title="bbox 75 1980 1211 2082; baseline 0.004 -31"><span class='ocrx_word' id='word_1_150' title='bbox 75 2008 105 2051; x_wconf 93' lang='lat' dir='ltr'><strong>m</strong></span> <span class='ocrx_word' id='word_1_151' title='bbox 132 1985 255 2049; x_wconf 83' lang='lat' dir='ltr'><strong>aliorum</strong></span> <span class='ocrx_word' id='word_1_152' title='bbox 282 1984 456 2047; x_wconf 89' lang='lat' dir='ltr'><strong>cumiccrum</strong></span> <span class='ocrx_word' id='word_1_153' title='bbox 483 1989 543 2048; x_wconf 92' lang='lat' dir='ltr'><strong>tum</strong></span> <span class='ocrx_word' id='word_1_154' title='bbox 568 1982 725 2069; x_wconf 90' lang='lat' dir='ltr'><strong>Hermippi</strong></span> <span class='ocrx_word' id='word_1_155' title='bbox 751 1980 807 2044; x_wconf 88' lang='lat' dir='ltr'><strong>hus</strong></span> <span class='ocrx_word' id='word_1_156' title='bbox 838 1983 953 2069; x_wconf 84' lang='lat' dir='ltr'><strong>prefert</strong></span> <span class='ocrx_word' id='word_1_157' title='bbox 981 1985 1095 2054; x_wconf 85' lang='lat' dir='ltr'><strong>iambus</strong></span> <span class='ocrx_word' id='word_1_158' title='bbox 1120 1990 1159 2060; x_wconf 86' lang='lat' dir='ltr'><strong>X.</strong></span> <span class='ocrx_word' id='word_1_159' title='bbox 1180 2015 1211 2082; x_wconf 80' lang='lat' dir='ltr'><strong>p.</strong></span> 
     </span>
     <span class='ocr_line' id='line_1_21' title="bbox 74 2067 500 2149; baseline -0.014 -14"><span class='ocrx_word' id='word_1_160' title='bbox 74 2072 104 2136; x_wconf 75' lang='lat' dir='ltr'><strong>ld</strong></span> <span class='ocrx_word' id='word_1_161' title='bbox 124 2068 168 2133; x_wconf 84' lang='lat' dir='ltr'><strong>F:</strong></span> <span class='ocrx_word' id='word_1_162' title='bbox 189 2067 368 2149; x_wconf 70' lang='grc' dir='ltr'><strong><em>’Ἕρμιππος</em></strong></span> <span class='ocrx_word' id='word_1_163' title='bbox 392 2068 500 2142; x_wconf 78' lang='grc' dir='ltr'><strong><em>Θεοῖς·</em></strong></span> 
     </span>
    </p>

    <p class='ocr_par' dir='ltr' id='par_1_6' title="bbox 115 2144 784 2234">
     <span class='ocr_line' id='line_1_22' title="bbox 115 2144 784 2234; baseline -0.004 -18"><span class='ocrx_word' id='word_1_164' title='bbox 115 2151 262 2229; x_wconf 85' lang='grc' dir='ltr'><strong><em>Ἔπειθ’,</em></strong></span> <span class='ocrx_word' id='word_1_165' title='bbox 284 2150 358 2217; x_wconf 86' lang='grc' dir='ltr'><strong><em>όταν</em></strong></span> <span class='ocrx_word' id='word_1_166' title='bbox 379 2147 542 2231; x_wconf 86' lang='grc' dir='ltr'><strong><em>πινώμεθ’,</em></strong></span> <span class='ocrx_word' id='word_1_167' title='bbox 564 2148 583 2234; x_wconf 84' lang='grc' dir='ltr'>ἢ</span> <span class='ocrx_word' id='word_1_168' title='bbox 606 2144 784 2232; x_wconf 76' lang='grc' dir='ltr'><strong><em>διψώμεθα,</em></strong></span> 
     </span>
    </p>

    <p class='ocr_par' dir='ltr' id='par_1_7' title="bbox 124 2230 893 2321">
     <span class='ocr_line' id='line_1_23' title="bbox 124 2230 893 2321; baseline -0.003 -19"><span class='ocrx_word' id='word_1_169' title='bbox 124 2237 312 2319; x_wconf 85' lang='grc' dir='ltr'><strong><em>Εῦχόμεθα,</em></strong></span> <span class='ocrx_word' id='word_1_170' title='bbox 335 2236 411 2321; x_wconf 88' lang='grc' dir='ltr'><strong><em>πρὸς</em></strong></span> <span class='ocrx_word' id='word_1_171' title='bbox 430 2234 525 2300; x_wconf 86' lang='grc' dir='ltr'><strong><em>τοῦθ’</em></strong></span> <span class='ocrx_word' id='word_1_172' title='bbox 550 2231 567 2299; x_wconf 84' lang='grc' dir='ltr'><strong><em>ό</em></strong></span> <span class='ocrx_word' id='word_1_173' title='bbox 590 2231 669 2310; x_wconf 72' lang='grc' dir='ltr'><strong><em>οἶνος</em></strong></span> <span class='ocrx_word' id='word_1_174' title='bbox 690 2230 893 2319; x_wconf 79' lang='grc' dir='ltr'><strong><em>αἰκεραςγενου</em></strong></span> 
     </span>
    </p>

    <p class='ocr_par' dir='ltr' id='par_1_8' title="bbox 128 2317 918 2405">
     <span class='ocr_line' id='line_1_24' title="bbox 128 2317 918 2405; baseline -0.003 -17"><span class='ocrx_word' id='word_1_175' title='bbox 128 2321 196 2388; x_wconf 71' lang='lat' dir='ltr'><strong>ote</strong></span> <span class='ocrx_word' id='word_1_176' title='bbox 218 2321 313 2386; x_wconf 81' lang='grc' dir='ltr'><strong><em>δατοῦ</em></strong></span> <span class='ocrx_word' id='word_1_177' title='bbox 336 2324 386 2384; x_wconf 83' lang='grc' dir='ltr'><strong>καὶ</strong></span> <span class='ocrx_word' id='word_1_178' title='bbox 408 2325 507 2403; x_wconf 81' lang='grc' dir='ltr'><strong><em>πηλοῦ</em></strong></span> <span class='ocrx_word' id='word_1_179' title='bbox 524 2317 581 2403; x_wconf 75' lang='lat' dir='ltr'><strong>&#39;pul</strong></span> <span class='ocrx_word' id='word_1_180' title='bbox 602 2319 687 2405; x_wconf 83' lang='grc' dir='ltr'><strong><em>φίραν</em></strong></span> <span class='ocrx_word' id='word_1_181' title='bbox 708 2323 823 2397; x_wconf 81' lang='grc' dir='ltr'><strong><em>παίζων</em></strong></span> <span class='ocrx_word' id='word_1_182' title='bbox 842 2317 918 2404; x_wconf 79' lang='grc' dir='ltr'><strong><em>ἅμα.</em></strong></span> 
     </span>
    </p>

    <p class='ocr_par' dir='ltr' id='par_1_9' title="bbox 74 2400 845 2580">
     <span class='ocr_line' id='line_1_25' title="bbox 124 2400 845 2490; baseline -0.003 -20"><span class='ocrx_word' id='word_1_183' title='bbox 124 2410 266 2482; x_wconf 80' lang='grc' dir='ltr'><strong><em>Καυθεδς</em></strong></span> <span class='ocrx_word' id='word_1_184' title='bbox 290 2406 443 2490; x_wconf 73' lang='grc' dir='ltr'><strong><em>γεγένηται</em></strong></span> <span class='ocrx_word' id='word_1_185' title='bbox 470 2410 562 2468; x_wconf 90' lang='grc' dir='ltr'><strong><em>τοῦτο</em></strong></span> <span class='ocrx_word' id='word_1_186' title='bbox 584 2404 670 2469; x_wconf 70' lang='grc' dir='ltr'><strong><em>πέντε</em></strong></span> <span class='ocrx_word' id='word_1_187' title='bbox 692 2407 742 2467; x_wconf 80' lang='grc' dir='ltr'><strong>καὶ</strong></span> <span class='ocrx_word' id='word_1_188' title='bbox 770 2400 845 2468; x_wconf 85' lang='grc' dir='ltr'><strong><em>δῦω.</em></strong></span> 
     </span>
     <span class='ocr_line' id='line_1_26' title="bbox 74 2489 819 2580; baseline -0.007 -23"><span class='ocrx_word' id='word_1_189' title='bbox 74 2514 114 2557; x_wconf 88' lang='lat' dir='ltr'><strong>ae</strong></span> <span class='ocrx_word' id='word_1_190' title='bbox 136 2491 356 2580; x_wconf 84' lang='lat' dir='ltr'><strong>corruptissima</strong></span> <span class='ocrx_word' id='word_1_191' title='bbox 377 2491 420 2554; x_wconf 92' lang='lat' dir='ltr'><strong>sic</strong></span> <span class='ocrx_word' id='word_1_192' title='bbox 440 2495 510 2578; x_wconf 88' lang='lat' dir='ltr'><strong>putu</strong></span> <span class='ocrx_word' id='word_1_193' title='bbox 530 2489 713 2554; x_wconf 88' lang='lat' dir='ltr'><strong>restituenda</strong></span> <span class='ocrx_word' id='word_1_194' title='bbox 735 2508 819 2553; x_wconf 84' lang='lat' dir='ltr'><strong>esse:</strong></span> 
     </span>
    </p>

    <p class='ocr_par' dir='ltr' id='par_1_10' title="bbox 117 2569 828 2658">
     <span class='ocr_line' id='line_1_27' title="bbox 117 2569 828 2658; baseline -0.006 -19"><span class='ocrx_word' id='word_1_195' title='bbox 117 2574 263 2658; x_wconf 77' lang='grc' dir='ltr'><strong><em>Ἔπειθ’,</em></strong></span> <span class='ocrx_word' id='word_1_196' title='bbox 285 2573 360 2639; x_wconf 80' lang='grc' dir='ltr'><strong><em>ὅταν</em></strong></span> <span class='ocrx_word' id='word_1_197' title='bbox 381 2570 585 2655; x_wconf 56' lang='grc' dir='ltr'><strong><em>πεινώμτθῖ</em></strong></span> <span class='ocrx_word' id='word_1_198' title='bbox 606 2571 626 2656; x_wconf 76' lang='grc' dir='ltr'>ἢ</span> <span class='ocrx_word' id='word_1_199' title='bbox 648 2569 828 2653; x_wconf 76' lang='grc' dir='ltr'><strong><em>διψώμεθα,</em></strong></span> 
     </span>
    </p>

    <p class='ocr_par' dir='ltr' id='par_1_11' title="bbox 124 2651 992 2746">
     <span class='ocr_line' id='line_1_28' title="bbox 124 2651 992 2746; baseline 0.002 -21"><span class='ocrx_word' id='word_1_200' title='bbox 124 2656 294 2743; x_wconf 80' lang='grc' dir='ltr'><strong><em>Εῦχόμεθα</em></strong></span> <span class='ocrx_word' id='word_1_201' title='bbox 316 2659 408 2746; x_wconf 84' lang='grc' dir='ltr'><strong><em>πρὸς</em></strong></span> <span class='ocrx_word' id='word_1_202' title='bbox 427 2655 550 2723; x_wconf 84' lang='grc' dir='ltr'><strong><em>τοῦτ’·</em></strong></span> <span class='ocrx_word' id='word_1_203' title='bbox 571 2653 675 2735; x_wconf 83' lang='grc' dir='ltr'><strong><em>οίνος</em></strong></span> <span class='ocrx_word' id='word_1_204' title='bbox 695 2651 721 2722; x_wconf 82' lang='grc' dir='ltr'><strong><em>ὦ</em></strong></span> <span class='ocrx_word' id='word_1_205' title='bbox 742 2656 851 2743; x_wconf 82' lang='grc' dir='ltr'><strong><em>κίρας</em></strong></span> <span class='ocrx_word' id='word_1_206' title='bbox 871 2665 992 2744; x_wconf 80' lang='grc' dir='ltr'><strong><em>γενοῦ.</em></strong></span> 
     </span>
    </p>

    <p class='ocr_par' dir='ltr' id='par_1_12' title="bbox 123 2738 898 2829">
     <span class='ocr_line' id='line_1_29' title="bbox 123 2738 898 2829; baseline -0.004 -18"><span class='ocrx_word' id='word_1_207' title='bbox 123 2744 208 2822; x_wconf 68' lang='lat' dir='ltr'><strong>Kale</strong></span> <span class='ocrx_word' id='word_1_208' title='bbox 227 2751 294 2810; x_wconf 90' lang='grc' dir='ltr'><strong><em>τοῦ</em></strong></span> <span class='ocrx_word' id='word_1_209' title='bbox 315 2738 486 2828; x_wconf 67' lang='lat' dir='ltr'><strong>nundine</strong></span> <span class='ocrx_word' id='word_1_210' title='bbox 504 2740 560 2828; x_wconf 74' lang='grc' dir='ltr'><strong><em>’νώ</em></strong></span> <span class='ocrx_word' id='word_1_211' title='bbox 581 2741 667 2829; x_wconf 81' lang='grc' dir='ltr'><strong><em>ψίραι</em></strong></span> <span class='ocrx_word' id='word_1_212' title='bbox 688 2744 802 2822; x_wconf 82' lang='grc' dir='ltr'><strong><em>παίζων</em></strong></span> <span class='ocrx_word' id='word_1_213' title='bbox 824 2739 898 2825; x_wconf 76' lang='grc' dir='ltr'><strong><em>ἅμα,</em></strong></span> 
     </span>
    </p>

    <p class='ocr_par' dir='ltr' id='par_1_13' title="bbox 123 2824 837 2913">
     <span class='ocr_line' id='line_1_30' title="bbox 123 2824 837 2913; baseline 0 -19"><span class='ocrx_word' id='word_1_214' title='bbox 123 2828 282 2906; x_wconf 83' lang='grc' dir='ltr'><strong><em>Κεῦθδς</em></strong></span> <span class='ocrx_word' id='word_1_215' title='bbox 302 2831 454 2913; x_wconf 73' lang='grc' dir='ltr'><strong><em>γεγένηται</em></strong></span> <span class='ocrx_word' id='word_1_216' title='bbox 474 2833 567 2894; x_wconf 88' lang='grc' dir='ltr'><strong><em>τοῦτο</em></strong></span> <span class='ocrx_word' id='word_1_217' title='bbox 589 2829 676 2893; x_wconf 74' lang='grc' dir='ltr'><strong><em>πέντε</em></strong></span> <span class='ocrx_word' id='word_1_218' title='bbox 697 2831 747 2892; x_wconf 80' lang='lat' dir='ltr'><strong>uel</strong></span> <span class='ocrx_word' id='word_1_219' title='bbox 769 2824 837 2894; x_wconf 85' lang='grc' dir='ltr'><strong><em>δόο.</em></strong></span> 
     </span>
    </p>
   </div>
   <div class='ocr_carea' id='block_1_3' title="bbox 74 2909 1323 3013">
    <p class='ocr_par' dir='ltr' id='par_1_14' title="bbox 74 2909 1323 3013">
     <span class='ocr_line' id='line_1_31' title="bbox 74 2909 1323 3013; baseline 0.007 -34"><span class='ocrx_word' id='word_1_220' title='bbox 74 2911 245 2995; x_wconf 77' lang='grc' dir='ltr'><strong><em>εινοίμεθα,</em></strong></span> <span class='ocrx_word' id='word_1_221' title='bbox 267 2915 343 2999; x_wconf 89' lang='lat' dir='ltr'><strong>quud</strong></span> <span class='ocrx_word' id='word_1_222' title='bbox 364 2915 469 3013; x_wconf 82' lang='lat' dir='ltr'><strong>scripsi</strong></span> <span class='ocrx_word' id='word_1_223' title='bbox 489 2935 543 3002; x_wconf 88' lang='lat' dir='ltr'><strong>pru</strong></span> <span class='ocrx_word' id='word_1_224' title='bbox 570 2913 653 3000; x_wconf 83' lang='lat' dir='ltr'><strong>vulg.</strong></span> <span class='ocrx_word' id='word_1_225' title='bbox 675 2909 855 3013; x_wconf 61' lang='grc' dir='ltr'><strong><em>πινώμρθα,</em></strong></span> <span class='ocrx_word' id='word_1_226' title='bbox 875 2914 993 3002; x_wconf 80' lang='lat' dir='ltr'><strong>flagitat</strong></span> <span class='ocrx_word' id='word_1_227' title='bbox 1011 2917 1062 2983; x_wconf 86' lang='lat' dir='ltr'><strong>vel</strong></span> <span class='ocrx_word' id='word_1_228' title='bbox 1080 2917 1112 2985; x_wconf 92' lang='lat' dir='ltr'><strong>id</strong></span> <span class='ocrx_word' id='word_1_229' title='bbox 1134 2921 1209 3006; x_wconf 92' lang='lat' dir='ltr'><strong>quud</strong></span> <span class='ocrx_word' id='word_1_230' title='bbox 1320 2917 1323 2922; x_wconf 70' lang='grc'><strong><em>’</em></strong></span> 
     </span>
    </p>
   </div>
   <div class='ocr_carea' id='block_1_4' title="bbox 74 2997 1210 4097">
    <p class='ocr_par' dir='ltr' id='par_1_15' title="bbox 74 2997 1210 3507">
     <span class='ocr_line' id='line_1_32' title="bbox 74 2997 1210 3089; baseline 0.006 -26"><span class='ocrx_word' id='word_1_231' title='bbox 74 3001 172 3086; x_wconf 89' lang='lat' dir='ltr'><strong>quitur</strong></span> <span class='ocrx_word' id='word_1_232' title='bbox 190 2997 373 3081; x_wconf 81' lang='grc' dir='ltr'><strong><em>διψώμεθα,</em></strong></span> <span class='ocrx_word' id='word_1_233' title='bbox 397 3008 452 3063; x_wconf 78' lang='lat' dir='ltr'><strong>etsi</strong></span> <span class='ocrx_word' id='word_1_234' title='bbox 473 3020 533 3062; x_wconf 90' lang='lat' dir='ltr'><strong>nun</strong></span> <span class='ocrx_word' id='word_1_235' title='bbox 553 3018 672 3086; x_wconf 86' lang='lat' dir='ltr'><strong>pessum</strong></span> <span class='ocrx_word' id='word_1_236' title='bbox 687 3020 867 3087; x_wconf 79' lang='lat' dir='ltr'><strong>perspicere,</strong></span> <span class='ocrx_word' id='word_1_237' title='bbox 888 3020 979 3084; x_wconf 89' lang='lat' dir='ltr'><strong>quare</strong></span> <span class='ocrx_word' id='word_1_238' title='bbox 999 3009 1086 3089; x_wconf 85' lang='lat' dir='ltr'><strong>pecta</strong></span> <span class='ocrx_word' id='word_1_239' title='bbox 1106 3013 1210 3071; x_wconf 86' lang='lat' dir='ltr'><strong>centra</strong></span> 
     </span>
     <span class='ocr_line' id='line_1_33' title="bbox 74 3083 1209 3168; baseline 0.007 -20"><span class='ocrx_word' id='word_1_240' title='bbox 74 3084 280 3148; x_wconf 90' lang='lat' dir='ltr'><strong>nsuetudinem</strong></span> <span class='ocrx_word' id='word_1_241' title='bbox 302 3085 451 3168; x_wconf 88' lang='lat' dir='ltr'><strong>utriusque</strong></span> <span class='ocrx_word' id='word_1_242' title='bbox 463 3083 546 3147; x_wconf 89' lang='lat' dir='ltr'><strong>verbi</strong></span> <span class='ocrx_word' id='word_1_243' title='bbox 566 3084 662 3147; x_wconf 85' lang='lat' dir='ltr'><strong>formu</strong></span> <span class='ocrx_word' id='word_1_244' title='bbox 683 3083 780 3147; x_wconf 89' lang='lat' dir='ltr'><strong>media</strong></span> <span class='ocrx_word' id='word_1_245' title='bbox 802 3105 872 3148; x_wconf 88' lang='lat' dir='ltr'><strong>usus</strong></span> <span class='ocrx_word' id='word_1_246' title='bbox 893 3084 942 3164; x_wconf 85' lang='lat' dir='ltr'><strong>sit,</strong></span> <span class='ocrx_word' id='word_1_247' title='bbox 965 3086 1024 3150; x_wconf 91' lang='lat' dir='ltr'><strong>nisi</strong></span> <span class='ocrx_word' id='word_1_248' title='bbox 1045 3087 1123 3153; x_wconf 83' lang='lat' dir='ltr'><strong>furtu</strong></span> <span class='ocrx_word' id='word_1_249' title='bbox 1144 3091 1209 3155; x_wconf 84' lang='lat' dir='ltr'><strong>exi·</strong></span> 
     </span>
     <span class='ocr_line' id='line_1_34' title="bbox 74 3167 1209 3256; baseline 0.004 -23"><span class='ocrx_word' id='word_1_250' title='bbox 74 3170 216 3234; x_wconf 86' lang='lat' dir='ltr'><strong>mendum</strong></span> <span class='ocrx_word' id='word_1_251' title='bbox 233 3177 279 3232; x_wconf 89' lang='lat' dir='ltr'><strong>est</strong></span> <span class='ocrx_word' id='word_1_252' title='bbox 299 3177 414 3256; x_wconf 81' lang='lat' dir='ltr'><strong>poetam</strong></span> <span class='ocrx_word' id='word_1_253' title='bbox 434 3189 552 3233; x_wconf 89' lang='lat' dir='ltr'><strong>servum</strong></span> <span class='ocrx_word' id='word_1_254' title='bbox 572 3168 727 3232; x_wconf 85' lang='lat' dir='ltr'><strong>induxisse</strong></span> <span class='ocrx_word' id='word_1_255' title='bbox 741 3167 826 3253; x_wconf 89' lang='lat' dir='ltr'><strong>eique</strong></span> <span class='ocrx_word' id='word_1_256' title='bbox 841 3169 1021 3234; x_wconf 84' lang='lat' dir='ltr'><strong>inconditum</strong></span> <span class='ocrx_word' id='word_1_257' title='bbox 1039 3171 1209 3238; x_wconf 85' lang='lat' dir='ltr'><strong>barbamm·</strong></span> 
     </span>
     <span class='ocr_line' id='line_1_35' title="bbox 77 3249 1208 3348; baseline 0.004 -30"><span class='ocrx_word' id='word_1_258' title='bbox 77 3277 94 3318; x_wconf 92' lang='grc' dir='ltr'><strong><em>ο</em></strong></span> <span class='ocrx_word' id='word_1_259' title='bbox 116 3254 257 3318; x_wconf 85' lang='lat' dir='ltr'><strong>tribuisse</strong></span> <span class='ocrx_word' id='word_1_260' title='bbox 269 3275 440 3318; x_wconf 83' lang='lat' dir='ltr'><strong>sermenem.</strong></span> <span class='ocrx_word' id='word_1_261' title='bbox 464 3251 651 3318; x_wconf 81' lang='lat' dir='ltr'><strong>Constructic</strong></span> <span class='ocrx_word' id='word_1_262' title='bbox 666 3251 719 3315; x_wconf 92' lang='lat' dir='ltr'><strong>illa</strong></span> <span class='ocrx_word' id='word_1_263' title='bbox 733 3250 879 3333; x_wconf 73' lang='grc' dir='ltr'><strong><em>εὔχεσθαι</em></strong></span> <span class='ocrx_word' id='word_1_264' title='bbox 890 3249 966 3335; x_wconf 88' lang='grc' dir='ltr'><strong><em>πρός</em></strong></span> <span class='ocrx_word' id='word_1_265' title='bbox 978 3277 1007 3317; x_wconf 86' lang='grc' dir='ltr'><strong><em>τι</em></strong></span> <span class='ocrx_word' id='word_1_266' title='bbox 1028 3276 1090 3320; x_wconf 90' lang='lat' dir='ltr'><strong>nun</strong></span> <span class='ocrx_word' id='word_1_267' title='bbox 1110 3263 1208 3348; x_wconf 79' lang='lat' dir='ltr'><strong>magis</strong></span> 
     </span>
     <span class='ocr_line' id='line_1_36' title="bbox 74 3337 1153 3424; baseline 0.006 -21"><span class='ocrx_word' id='word_1_268' title='bbox 74 3339 172 3403; x_wconf 87' lang='lat' dir='ltr'><strong>solens</strong></span> <span class='ocrx_word' id='word_1_269' title='bbox 194 3347 256 3419; x_wconf 88' lang='lat' dir='ltr'><strong>est,</strong></span> <span class='ocrx_word' id='word_1_270' title='bbox 278 3360 362 3423; x_wconf 88' lang='lat' dir='ltr'><strong>quam</strong></span> <span class='ocrx_word' id='word_1_271' title='bbox 382 3338 413 3401; x_wconf 94' lang='lat' dir='ltr'><strong>id</strong></span> <span class='ocrx_word' id='word_1_272' title='bbox 435 3337 511 3422; x_wconf 88' lang='lat' dir='ltr'><strong>quud</strong></span> <span class='ocrx_word' id='word_1_273' title='bbox 529 3337 746 3424; x_wconf 82' lang='lat' dir='ltr'><strong>Aristophanes</strong></span> <span class='ocrx_word' id='word_1_274' title='bbox 767 3337 843 3401; x_wconf 87' lang='lat' dir='ltr'><strong>dixit</strong></span> <span class='ocrx_word' id='word_1_275' title='bbox 862 3338 895 3401; x_wconf 94' lang='lat' dir='ltr'><strong>in</strong></span> <span class='ocrx_word' id='word_1_276' title='bbox 915 3337 1004 3403; x_wconf 83' lang='lat' dir='ltr'><strong>Plutu</strong></span> <span class='ocrx_word' id='word_1_277' title='bbox 1025 3360 1055 3405; x_wconf 84' lang='lat' dir='ltr'><strong>v.</strong></span> <span class='ocrx_word' id='word_1_278' title='bbox 1075 3339 1153 3410; x_wconf 81' lang='lat'><strong>958:</strong></span> 
     </span>
     <span class='ocr_line' id='line_1_37' title="bbox 122 3419 826 3507; baseline 0 -20"><span class='ocrx_word' id='word_1_279' title='bbox 122 3421 183 3487; x_wconf 88' lang='grc' dir='ltr'><strong>Νώ</strong></span> <span class='ocrx_word' id='word_1_280' title='bbox 204 3422 236 3486; x_wconf 79' lang='grc' dir='ltr'><strong>δ’</strong></span> <span class='ocrx_word' id='word_1_281' title='bbox 259 3424 404 3500; x_wconf 80' lang='grc' dir='ltr'><strong><em>εϊαίωμεν,</em></strong></span> <span class='ocrx_word' id='word_1_282' title='bbox 422 3423 475 3484; x_wconf 71' lang='grc' dir='ltr'><strong><em>ἵνα</em></strong></span> <span class='ocrx_word' id='word_1_283' title='bbox 497 3421 647 3507; x_wconf 78' lang='grc' dir='ltr'><strong><em>προσεύξῃ</em></strong></span> <span class='ocrx_word' id='word_1_284' title='bbox 668 3419 826 3487; x_wconf 87' lang='grc' dir='ltr'><strong><em>τὸνθεόν.</em></strong></span> 
     </span>
    </p>

    <p class='ocr_par' dir='ltr' id='par_1_16' title="bbox 74 3504 1209 4097">
     <span class='ocr_line' id='line_1_38' title="bbox 74 3504 1207 3591; baseline 0.007 -19"><span class='ocrx_word' id='word_1_285' title='bbox 74 3509 187 3572; x_wconf 76' lang='lat' dir='ltr'><strong>ristimo</strong></span> <span class='ocrx_word' id='word_1_286' title='bbox 215 3514 311 3572; x_wconf 86' lang='lat' dir='ltr'><strong>nutem</strong></span> <span class='ocrx_word' id='word_1_287' title='bbox 338 3507 386 3570; x_wconf 92' lang='lat' dir='ltr'><strong>hic</strong></span> <span class='ocrx_word' id='word_1_288' title='bbox 413 3506 492 3591; x_wconf 82' lang='lat' dir='ltr'><strong>loqui</strong></span> <span class='ocrx_word' id='word_1_289' title='bbox 513 3507 653 3591; x_wconf 82' lang='lat' dir='ltr'><strong>aliquem,</strong></span> <span class='ocrx_word' id='word_1_290' title='bbox 686 3506 813 3571; x_wconf 85' lang='lat' dir='ltr'><strong>fortasse</strong></span> <span class='ocrx_word' id='word_1_291' title='bbox 834 3504 1016 3573; x_wconf 85' lang='lat' dir='ltr'><strong>Mercurium</strong></span> <span class='ocrx_word' id='word_1_292' title='bbox 1042 3516 1092 3576; x_wconf 91' lang='lat' dir='ltr'><strong>aut</strong></span> <span class='ocrx_word' id='word_1_293' title='bbox 1119 3513 1207 3580; x_wconf 89' lang='lat' dir='ltr'><strong>ulium</strong></span> 
     </span>
     <span class='ocr_line' id='line_1_39' title="bbox 74 3590 1207 3677; baseline 0.005 -20"><span class='ocrx_word' id='word_1_294' title='bbox 74 3615 124 3657; x_wconf 90' lang='lat' dir='ltr'><strong>em</strong></span> <span class='ocrx_word' id='word_1_295' title='bbox 145 3592 329 3674; x_wconf 88' lang='lat' dir='ltr'><strong>ministrum,</strong></span> <span class='ocrx_word' id='word_1_296' title='bbox 357 3591 392 3654; x_wconf 93' lang='lat' dir='ltr'><strong>de</strong></span> <span class='ocrx_word' id='word_1_297' title='bbox 415 3590 534 3655; x_wconf 85' lang='lat' dir='ltr'><strong>deorum</strong></span> <span class='ocrx_word' id='word_1_298' title='bbox 556 3593 617 3656; x_wconf 88' lang='lat' dir='ltr'><strong>vita</strong></span> <span class='ocrx_word' id='word_1_299' title='bbox 641 3591 830 3674; x_wconf 85' lang='lat' dir='ltr'><strong>felicissima,</strong></span> <span class='ocrx_word' id='word_1_300' title='bbox 857 3612 931 3677; x_wconf 90' lang='lat' dir='ltr'><strong>quae</strong></span> <span class='ocrx_word' id='word_1_301' title='bbox 952 3594 1081 3661; x_wconf 90' lang='lat' dir='ltr'><strong>emnium</strong></span> <span class='ocrx_word' id='word_1_302' title='bbox 1108 3619 1207 3663; x_wconf 90' lang='lat' dir='ltr'><strong>rerum</strong></span> 
     </span>
     <span class='ocr_line' id='line_1_40' title="bbox 75 3674 1206 3764; baseline 0.006 -23"><span class='ocrx_word' id='word_1_303' title='bbox 75 3698 153 3741; x_wconf 91' lang='lat' dir='ltr'><strong>mma</strong></span> <span class='ocrx_word' id='word_1_304' title='bbox 179 3680 262 3764; x_wconf 81' lang='lat' dir='ltr'><strong>cupis</strong></span> <span class='ocrx_word' id='word_1_305' title='bbox 289 3685 319 3740; x_wconf 94' lang='lat' dir='ltr'><strong>et</strong></span> <span class='ocrx_word' id='word_1_306' title='bbox 349 3674 502 3741; x_wconf 86' lang='lat' dir='ltr'><strong>affluentia</strong></span> <span class='ocrx_word' id='word_1_307' title='bbox 528 3677 567 3740; x_wconf 92' lang='lat' dir='ltr'><strong>sit</strong></span> <span class='ocrx_word' id='word_1_308' title='bbox 592 3682 714 3757; x_wconf 87' lang='lat' dir='ltr'><strong>urnata,</strong></span> <span class='ocrx_word' id='word_1_309' title='bbox 756 3676 793 3741; x_wconf 86' lang='lat' dir='ltr'><strong>ud</strong></span> <span class='ocrx_word' id='word_1_310' title='bbox 820 3697 906 3762; x_wconf 86' lang='lat' dir='ltr'><strong>quam</strong></span> <span class='ocrx_word' id='word_1_311' title='bbox 937 3678 1106 3746; x_wconf 87' lang='lat' dir='ltr'><strong>felicitatem</strong></span> <span class='ocrx_word' id='word_1_312' title='bbox 1133 3683 1206 3748; x_wconf 91' lang='lat' dir='ltr'><strong>illud</strong></span> 
     </span>
     <span class='ocr_line' id='line_1_41' title="bbox 74 3760 1206 3850; baseline 0.004 -23"><span class='ocrx_word' id='word_1_313' title='bbox 74 3763 166 3827; x_wconf 69' lang='lat' dir='ltr'><strong>sime</strong></span> <span class='ocrx_word' id='word_1_314' title='bbox 197 3762 314 3841; x_wconf 88' lang='lat' dir='ltr'><strong>retulit,</strong></span> <span class='ocrx_word' id='word_1_315' title='bbox 357 3760 433 3843; x_wconf 89' lang='lat' dir='ltr'><strong>quud</strong></span> <span class='ocrx_word' id='word_1_316' title='bbox 458 3761 632 3825; x_wconf 80' lang='lat' dir='ltr'><strong>Auraltheae</strong></span> <span class='ocrx_word' id='word_1_317' title='bbox 662 3782 753 3825; x_wconf 90' lang='lat' dir='ltr'><strong>curun</strong></span> <span class='ocrx_word' id='word_1_318' title='bbox 780 3770 947 3844; x_wconf 88' lang='lat' dir='ltr'><strong>uterentur,</strong></span> <span class='ocrx_word' id='word_1_319' title='bbox 989 3765 1066 3850; x_wconf 88' lang='lat' dir='ltr'><strong>quud</strong></span> <span class='ocrx_word' id='word_1_320' title='bbox 1097 3771 1206 3850; x_wconf 85' lang='lat' dir='ltr'><strong>emnia,</strong></span> 
     </span>
     <span class='ocr_line' id='line_1_42' title="bbox 76 3846 1206 3937; baseline 0.006 -26"><span class='ocrx_word' id='word_1_321' title='bbox 76 3867 227 3931; x_wconf 83' lang='lat' dir='ltr'><strong>aecunque</strong></span> <span class='ocrx_word' id='word_1_322' title='bbox 258 3846 474 3926; x_wconf 83' lang='lat' dir='ltr'><strong>collibuissent,</strong></span> <span class='ocrx_word' id='word_1_323' title='bbox 517 3868 572 3909; x_wconf 88' lang='lat' dir='ltr'><strong>sua</strong></span> <span class='ocrx_word' id='word_1_324' title='bbox 604 3853 708 3933; x_wconf 88' lang='lat' dir='ltr'><strong>sponte</strong></span> <span class='ocrx_word' id='word_1_325' title='bbox 739 3846 886 3911; x_wconf 86' lang='lat' dir='ltr'><strong>funderet.</strong></span> <span class='ocrx_word' id='word_1_326' title='bbox 929 3846 996 3912; x_wconf 87' lang='lat' dir='ltr'><strong>Huc</strong></span> <span class='ocrx_word' id='word_1_327' title='bbox 1022 3850 1115 3937; x_wconf 79' lang='lat' dir='ltr'><strong>igitur</strong></span> <span class='ocrx_word' id='word_1_328' title='bbox 1144 3853 1206 3934; x_wconf 89' lang='lat' dir='ltr'><strong>ille,</strong></span> 
     </span>
     <span class='ocr_line' id='line_1_43' title="bbox 75 3930 1207 4015; baseline 0.006 -21"><span class='ocrx_word' id='word_1_329' title='bbox 75 3930 169 4014; x_wconf 86' lang='lat' dir='ltr'><strong>isquis</strong></span> <span class='ocrx_word' id='word_1_330' title='bbox 191 3936 252 4011; x_wconf 86' lang='lat' dir='ltr'><strong>est,</strong></span> <span class='ocrx_word' id='word_1_331' title='bbox 274 3930 357 3993; x_wconf 83' lang='lat' dir='ltr'><strong>dicit:</strong></span> <span class='ocrx_word' id='word_1_332' title='bbox 378 3934 419 3991; x_wconf 76' lang='lat' dir='ltr'><strong>ut</strong></span> <span class='ocrx_word' id='word_1_333' title='bbox 440 3939 606 3992; x_wconf 79' lang='lat' dir='ltr'><strong>esurimus</strong></span> <span class='ocrx_word' id='word_1_334' title='bbox 627 3945 689 3992; x_wconf 77' lang='lat' dir='ltr'><strong>aut</strong></span> <span class='ocrx_word' id='word_1_335' title='bbox 708 3939 852 4007; x_wconf 72' lang='lat' dir='ltr'><strong>citimus,</strong></span> <span class='ocrx_word' id='word_1_336' title='bbox 875 3933 935 3994; x_wconf 85' lang='grc' dir='ltr'><strong><em>Ιιοα</em></strong></span> <span class='ocrx_word' id='word_1_337' title='bbox 958 3936 1069 4007; x_wconf 74' lang='lat' dir='ltr'><strong>Cornu</strong></span> <span class='ocrx_word' id='word_1_338' title='bbox 1084 3936 1207 4015; x_wconf 79' lang='lat' dir='ltr'><strong>Copiae</strong></span> 
     </span>
     <span class='ocr_line' id='line_1_44' title="bbox 74 4019 1209 4097; baseline 0.004 -19"><span class='ocrx_word' id='word_1_339' title='bbox 74 4019 192 4080; x_wconf 70' lang='lat' dir='ltr'><strong>esibus</strong></span> <span class='ocrx_word' id='word_1_340' title='bbox 213 4023 416 4077; x_wconf 71' lang='lat' dir='ltr'><strong>inuocantes:</strong></span> <span class='ocrx_word' id='word_1_341' title='bbox 440 4038 458 4076; x_wconf 90' lang='grc' dir='ltr'><strong><em>ο</em></strong></span> <span class='ocrx_word' id='word_1_342' title='bbox 480 4038 584 4078; x_wconf 73' lang='lat' dir='ltr'><strong>corun</strong></span> <span class='ocrx_word' id='word_1_343' title='bbox 603 4024 715 4077; x_wconf 78' lang='grc' dir='ltr'><strong><em>αἱπιτννν</em></strong></span> <span class='ocrx_word' id='word_1_344' title='bbox 726 4020 808 4091; x_wconf 79' lang='lat' dir='ltr'><strong>fiae.</strong></span> <span class='ocrx_word' id='word_1_345' title='bbox 836 4020 952 4078; x_wconf 73' lang='lat' dir='ltr'><strong>Eusebi</strong></span> <span class='ocrx_word' id='word_1_346' title='bbox 965 4025 1076 4081; x_wconf 81' lang='grc' dir='ltr'><strong><em>αι’παπι</em></strong></span> <span class='ocrx_word' id='word_1_347' title='bbox 1089 4027 1209 4097; x_wconf 66' lang='lat' dir='ltr'><strong>ficeret</strong></span> 
     </span>
    </p>
   </div>
   <div class='ocr_carea' id='block_1_5' title="bbox 74 4102 1325 4180">
    <p class='ocr_par' dir='ltr' id='par_1_17' title="bbox 74 4102 1325 4180">
     <span class='ocr_line' id='line_1_45' title="bbox 74 4102 1325 4180; baseline 0.01 -18"><span class='ocrx_word' id='word_1_348' title='bbox 74 4106 198 4180; x_wconf 65' lang='lat' dir='ltr'><strong>essem,</strong></span> <span class='ocrx_word' id='word_1_349' title='bbox 242 4122 304 4180; x_wconf 75' lang='lat' dir='ltr'><strong>ego</strong></span> <span class='ocrx_word' id='word_1_350' title='bbox 332 4102 538 4164; x_wconf 71' lang='lat' dir='ltr'><strong>ludibundus</strong></span> <span class='ocrx_word' id='word_1_351' title='bbox 566 4105 614 4162; x_wconf 84' lang='lat' dir='ltr'><strong>ad</strong></span> <span class='ocrx_word' id='word_1_352' title='bbox 638 4121 820 4177; x_wconf 69' lang='lat' dir='ltr'><strong>cauponem</strong></span> <span class='ocrx_word' id='word_1_353' title='bbox 844 4107 945 4178; x_wconf 85' lang='lat' dir='ltr'><strong>sero,</strong></span> <span class='ocrx_word' id='word_1_354' title='bbox 990 4118 1025 4165; x_wconf 75' lang='lat' dir='ltr'><strong>et</strong></span> <span class='ocrx_word' id='word_1_355' title='bbox 1049 4115 1206 4170; x_wconf 76' lang='grc' dir='ltr'><strong><em>οοπτίπτιο</em></strong></span> <span class='ocrx_word' id='word_1_356' title='bbox 1323 4137 1325 4142; x_wconf 73' lang='grc'><strong>’</strong></span> 
     </span>
    </p>
   </div>
   <div class='ocr_carea' id='block_1_6' title="bbox 74 4181 1206 4363">
    <p class='ocr_par' dir='ltr' id='par_1_18' title="bbox 74 4181 1206 4367">
     <span class='ocr_line' id='line_1_46' title="bbox 74 4181 1206 4276; baseline 0.005 -28"><span class='ocrx_word' id='word_1_357' title='bbox 74 4209 130 4248; x_wconf 72' lang='grc' dir='ltr'><strong><em>τινα</em></strong></span> <span class='ocrx_word' id='word_1_358' title='bbox 150 4197 365 4265; x_wconf 77' lang='lat' dir='ltr'><strong>temperatur.</strong></span> <span class='ocrx_word' id='word_1_359' title='bbox 406 4186 538 4248; x_wconf 79' lang='lat' dir='ltr'><strong>versu2</strong></span> <span class='ocrx_word' id='word_1_360' title='bbox 567 4185 594 4249; x_wconf 86' lang='lat' dir='ltr'><strong>si</strong></span> <span class='ocrx_word' id='word_1_361' title='bbox 620 4185 685 4268; x_wconf 88' lang='lat' dir='ltr'><strong>quis</strong></span> <span class='ocrx_word' id='word_1_362' title='bbox 712 4187 809 4248; x_wconf 86' lang='lat' dir='ltr'><strong>minus</strong></span> <span class='ocrx_word' id='word_1_363' title='bbox 835 4185 940 4274; x_wconf 89' lang='lat' dir='ltr'><strong>prebet</strong></span> <span class='ocrx_word' id='word_1_364' title='bbox 968 4183 1048 4262; x_wconf 75' lang='grc' dir='ltr'><strong><em>οἶνος</em></strong></span> <span class='ocrx_word' id='word_1_365' title='bbox 1068 4181 1093 4254; x_wconf 80' lang='grc' dir='ltr'><strong><em>ὦ</em></strong></span> <span class='ocrx_word' id='word_1_366' title='bbox 1115 4192 1206 4276; x_wconf 85' lang='grc' dir='ltr'><strong><em>κίρας</em></strong></span> 
     </span>
     <span class='ocr_line' id='line_1_47' title="bbox 74 4261 1206 4363; baseline 0.001 -30"><span class='ocrx_word' id='word_1_367' title='bbox 74 4274 137 4348; x_wconf 82' lang='grc' dir='ltr'><strong><em>νοῦ,</em></strong></span> <span class='ocrx_word' id='word_1_368' title='bbox 158 4270 266 4358; x_wconf 88' lang='lat' dir='ltr'><strong>peterit</strong></span> <span class='ocrx_word' id='word_1_369' title='bbox 286 4261 413 4343; x_wconf 76' lang='grc' dir='ltr'><strong><em>οἶνονιῖι</em></strong></span> <span class='ocrx_word' id='word_1_370' title='bbox 433 4267 525 4355; x_wconf 78' lang='grc' dir='ltr'><strong><em>κέρας</em></strong></span> <span class='ocrx_word' id='word_1_371' title='bbox 545 4267 633 4333; x_wconf 88' lang='grc' dir='ltr'><strong><em>δίδου</em></strong></span> <span class='ocrx_word' id='word_1_372' title='bbox 653 4269 821 4334; x_wconf 88' lang='lat' dir='ltr'><strong>restituere.</strong></span> <span class='ocrx_word' id='word_1_373' title='bbox 857 4292 886 4336; x_wconf 88' lang='lat' dir='ltr'><strong>v.</strong></span> <span class='ocrx_word' id='word_1_374' title='bbox 906 4274 928 4337; x_wconf 84' lang='grc'>3</span> <span class='ocrx_word' id='word_1_375' title='bbox 949 4279 1015 4336; x_wconf 88' lang='lat' dir='ltr'><strong>erat</strong></span> <span class='ocrx_word' id='word_1_376' title='bbox 1035 4295 1099 4340; x_wconf 89' lang='lat' dir='ltr'><strong>cum</strong></span> <span class='ocrx_word' id='word_1_377' title='bbox 1121 4276 1206 4363; x_wconf 81' lang='lat' dir='ltr'><strong>lege.</strong></span> 
     </span>
    </p>
   </div>
   <div class='ocr_carea' id='block_1_7' title="bbox 0 0 1388 4770">
    <p class='ocr_par' dir='ltr' id='par_1_19' title="bbox 0 0 1388 4770">
     <span class='ocr_line' id='line_1_48' title="bbox 0 0 1388 4770; baseline 0 0"><span class='ocrx_word' id='word_1_378' title='bbox 0 0 1388 4770; x_wconf 95' lang='lat' dir='ltr'><strong> </strong></span> 
     </span>
    </p>
   </div>
  </div>
 </body>
</html>
