2760 4792
107 209 173 280 174
500 206 903 277 COMMENTATIONES

109 388 183 446 λουν
192 377 352 462 Ἀθηναῖοι
358 426 368 457 ,
388 376 433 458 μή
453 371 549 456 μόνον
562 373 774 464 τὸνὈρφικὸν
793 381 835 455 είς
854 376 949 459 μίσον
969 378 1164 445 autocratore
1184 379 1276 467 λόγον

108 469 159 532 καὶ
181 464 219 529 τὰ
242 468 273 530 ἐν
291 465 435 527 Ἐλευσῖνι
456 464 506 524 καὶ
528 460 567 525 τὰ
587 466 649 525 τῶν
664 463 827 546 Καβείρων
848 460 1008 546 oppedam
1029 462 1200 551 μυστήρια,
1222 471 1273 531 καί

107 551 144 616 τὸ
170 557 225 615 τοῦ
248 547 450 632 Ἡρακλέους,
478 548 529 610 ἵνα
557 548 606 609 καὶ
634 544 783 631 γογγύλας
809 549 880 626 ἕψοι
907 545 1127 614 κατακόπτοντι
1155 548 1275 626 ξόανον.

107 637 256 702 Libanius
289 635 321 697 in
341 632 493 720 Apologia
519 630 651 697 Socratis
683 633 724 697 Τ.
745 632 801 698 lll.
821 655 851 745 p.
872 636 929 701 53:
960 639 1014 721 Τῷ
1034 633 1088 699 τὸν
1117 632 1276 721 Διαγόραν

108 721 315 785 ἀποκτείναντι
335 716 453 798 μισθὸν
473 713 657 799 deleges-ir·
678 716 734 780 τήν
753 717 812 800 γὰρ
831 720 975 782 Ελευοῖνα
990 722 1039 783 καὶ
1061 718 1117 795 τὰς
1138 717 1276 804 ἀπορρή-

108 829 181 880 τους
202 799 356 890 ἐκωμηίδει
377 797 506 877 τελετάς.
528 823 584 887 quo
605 803 669 866 loco
691 802 803 868 scilicet
822 804 845 868 ii
865 805 1030 892 potuissent
1050 806 1108 885 uti,
1130 806 1180 904 qui
1200 806 1275 871 Dia-

108 912 212 978 goram
240 890 380 953 comicnm
405 895 521 977 pqetam
547 887 696 951 exhibent.
737 887 815 952 Illud
841 910 913 953 vero
940 889 1083 953 contendo
1109 889 1275 977 Diagoram

107 978 140 1039 in
165 974 217 1038 illo
244 974 320 1038 libro
346 994 407 1037 non
435 972 529 1036 solum
556 972 711 1036 sustulisse
741 994 848 1073 pravas
875 982 906 1038 et
933 975 1070 1053 vitiosas,
1097 994 1173 1058 quae
1193 974 1275 1040 vide-

107 1060 215 1124 bantur
236 1058 272 1122 de
300 1058 357 1123 diis
384 1058 555 1144 opiniones,
582 1057 634 1120 sed
656 1079 720 1121 cunr
746 1059 839 1146 upsius
867 1060 981 1124 animus
1011 1059 1118 1147 pietate
1138 1065 1168 1122 et
1188 1059 1275 1125 casti·

107 1145 207 1209 monia
227 1150 308 1207 esset
333 1143 476 1221 imbutus,
507 1143 593 1205 etiam
616 1141 767 1224 docuisse,
795 1142 863 1227 quid
890 1144 955 1207 ise
977 1144 1013 1207 de
1035 1143 1134 1207 divino
1154 1144 1275 1209 numine

107 1236 258 1293 censeret:
280 1226 378 1311 qualia
399 1233 493 1290 autem
515 1226 656 1306 docuerit,
676 1248 830 1314 possumus
851 1166 938 1292 faede
960 1228 1126 1292 coniectura
1146 1229 1276 1314 assequi,

108 1335 173 1377 cum
200 1312 362 1375 Democriti
387 1310 549 1374 Abderitae
580 1310 671 1374 suerit
701 1311 876 1400 discipulus,
908 1313 968 1385 vid.
991 1311 1099 1377 Suidas
1127 1312 1179 1377 illo
1208 1313 1275 1403 ipso

107 1398 187 1462 loco:
231 1392 389 1480 Διαγόρας
418 1396 616 1475 Τηλεκλείδου
646 1392 665 1476 ’ή
689 1394 898 1478 Τηλεκλιίτου,
921 1392 1059 1479 Μήλιος,
1088 1394 1274 1482 φιλόσοφος,

107 1484 159 1545 καὶ
181 1477 327 1569 ᾀσμάτων
349 1477 498 1561 ποιητήςι·
520 1476 553 1543 ὃν
580 1478 679 1564 εὐφυᾶ
701 1477 892 1560 θεασάμενος
912 1479 1110 1562 Δημόκριτος
1131 1478 1275 1567 ὅἍβδη-

106 1568 191 1648 ρίτης
212 1562 352 1645 ὠνήσατο
364 1567 474 1628 δοῦλοι
490 1561 563 1626 ὄντα
573 1566 691 1644 μυρίων
711 1568 857 1649 δραχμῶν
878 1567 927 1627 καὶ
939 1566 1086 1646 μαθητὴν
1097 1564 1274 1647 ἐποιήσατο.

105 1651 294 1715 Democritus
316 1661 423 1730 autem,
444 1648 585 1733 quomodo
607 1670 624 1712 ο
644 1649 705 1714 inio
726 1650 763 1714 de
778 1651 835 1714 diis
857 1660 938 1714 esset
958 1651 1085 1714 excitata
1124 1652 1274 1737 uaerebat,

107 1733 273 1817 dusera
294 1734 407 1821 Empir.
429 1735 495 1798 adv.
517 1733 611 1798 Matb.
625 1670 686 1798 dX.
707 1733 762 1798 24:
779 1730 929 1817 Ὁρῶιτες
950 1734 1018 1819 γὰρ,
1040 1672 1133 1818 φησίν
1147 1735 1273 1818 (Demo-

106 1819 222 1902 critus),
242 1818 281 1882 τιλ
302 1820 334 1883 ἓν
354 1828 417 1893 τοῖς
436 1815 599 1899 μετεώροις
620 1816 794 1900 παθήματα
811 1820 839 1883 oi
861 1823 985 1882 παλαιοί
1007 1825 1068 1883 τῶν
1088 1818 1272 1904 ἀνθρώπων,

107 1905 249 1987 καθάπερ
278 1902 410 1988 βροντὰς
431 1906 482 1967 καί
509 1899 683 1985 ἀστραπάς,
714 1899 878 1987 κεραυνούς
903 1927 936 1967 τε
960 1906 1011 1967 καί
1038 1902 1159 1988 ἄστρων
1183 1904 1272 1971 συνί·

106 1991 194 2066 door,
220 1988 307 2071 ηλίου
328 2013 360 2052 τε
381 1989 431 2050 καί
453 1985 580 2068 σελήνης
600 1989 747 2066 ἐκλείψεις
771 1989 999 2067 ίιλειματυῦντο,
1027 1986 1272 2071 &audacibusque

106 2071 223 2139 τούτων
244 2076 359 2147 αἰτίους
385 2069 470 2135 εἶναι.
511 2071 614 2155 ltaque
636 2091 700 2133 cnm
731 2071 782 2135 ille
808 2072 928 2135 deorum
955 2072 1061 2137 cultum
1085 2084 1271 2163 repeteretur

105 2160 210 2222 timore
231 2158 364 2242 quodam,
386 2159 435 2240 qui
454 2156 565 2243 primos
586 2155 730 2234 homines,
752 2176 817 2218 cum
831 2155 942 2219 coelum
955 2158 1162 2246 suspexissent
1176 2158 1271 2225 coele·

106 2244 219 2327 stiaque
244 2239 430 2327 contemplati
450 2247 567 2320 essent,
594 2239 779 2324 occupaverit
805 2261 924 2324 cumque
953 2241 995 2306 ita
1021 2242 1114 2306 divini
1142 2244 1270 2311 numinis

106 2328 288 2390 sanctitatem
303 2324 482 2405 sustulisset,
502 2330 598 2387 tamen
611 2322 735 2407 aliquam
754 2324 935 2389 substituerit
951 2327 1127 2414 religionem
1146 2350 1270 2395 necemo

106 2418 167 2475 est:
184 2411 280 2475 docuit
293 2415 389 2473 antem
399 2408 537 2494 quasdam
550 2408 656 2471 mentis
671 2408 817 2494 imagines
827 2431 905 2491 esse,
917 2410 990 2475 alias
1003 2414 1157 2496 bonorum,
1177 2414 1270 2481 malu-

106 2494 262 2560 romelias
279 2502 432 2575 auctores,
449 2514 557 2577 easque
568 2493 757 2574 interituras,
773 2514 846 2577 quae
867 2494 986 2559 deorum
1004 2496 1067 2561 loco
1082 2495 1143 2561 sint
1158 2499 1269 2565 baben·

107 2580 179 2659 dae3
195 2580 254 2644 vid.
267 2578 374 2645 Cicero
385 2579 422 2643 de
432 2579 547 2643 Natura
559 2577 688 2641 Deorum
702 2576 726 2641 l.
739 2578 797 2643 43:
813 2577 911 2658 „Mihi
927 2580 1042 2664 quidem
1060 2581 1147 2646 etiam
1158 2582 1269 2649 Deuo-

106 2665 217 2745 critus,
239 2665 286 2728 vir
305 2685 431 2751 magnus
448 2663 479 2725 in
499 2662 617 2749 primiS,
639 2663 719 2726 cuius
742 2662 871 2727 lontibus
884 2663 1028 2752 Epicurus
1048 2666 1180 2731 hortulos
1198 2688 1268 2733 suos

106 2747 260 2835 irrigavit,
281 2757 385 2812 nutare
405 2746 564 2811 videturin
578 2745 826 2811 naturadeornm:
849 2756 907 2811 tum
919 2750 997 2813 enim
1008 2758 1110 2814 censet
1121 2751 1268 2839 imagines

107 2834 261 2898 divinitate
271 2832 419 2934 praeditas
431 2837 531 2896 inesse
541 2831 571 2895 in
586 2831 776 2896 universitate
789 2853 902 2911 rerum,
924 2844 982 2896 tum
992 2835 1137 2923 principia
1150 2838 1268 2919 mentis,

106 2937 182 3003 quae
193 2927 262 2981 sunt
273 2939 304 2981 ru
315 2917 415 2981 eodem
431 2917 580 2997 universo,
601 2916 672 2980 deos
685 2938 752 2981 esse
764 2915 847 2996 dicit3
865 2928 923 2981 tum
936 2920 1100 2983 animantes
1110 2919 1268 3008 imagines,

105 3023 180 3088 quae
200 3002 249 3067 vel
268 3002 410 3091 prodesse
431 3002 517 3066 nobis
538 3002 648 3082 solent,
669 3001 718 3065 vel
739 3022 862 3066 nocere:
887 3010 946 3066 tum
967 3004 1106 3090 ingentes
1127 3004 1268 3089 quasdam

105 3087 144 3153 im
188 3086 252 3152 ines
264 3095 427 3172 tantasque,
442 3093 472 3151 ut
483 3087 650 3150 universum
662 3084 800 3151 mundum
810 3087 1037 3174 complectantur
1049 3089 1268 3156 extrinsecus.“

105 3171 155 3237 Ad
176 3195 193 3237 e
213 3172 284 3237 ibid.
304 3172 330 3236 1.
354 3173 406 3236 122
440 3169 551 3253 „Quid
561 3169 765 3251 Democritus,
786 3172 835 3255 qui
856 3180 915 3235 tum
936 3172 1084 3259 imagines
1109 3194 1268 3261 earumque

105 3257 244 3322 circuitus
269 3256 443 3322 iudeorum
463 3276 585 3320 numero
606 3255 713 3336 refert,
740 3261 800 3319 tum
820 3254 901 3319 illam
922 3263 1072 3338 naturam,
1098 3278 1174 3343 quas
1193 3258 1268 3325 ime·

30 3397 34 3404 .
104 3342 193 3428 gines
221 3341 326 3406 fundat
356 3363 390 3405 ac
415 3341 523 3422 mittat,
555 3348 615 3404 tum
640 3339 792 3404 scientiam
816 3340 1098 3427 intelligentiamque
1124 3349 1268 3425 nostram,

104 3447 204 3490 nonne
232 3427 264 3491 in
290 3426 418 3490 maximo
439 3447 542 3491 errore
562 3429 716 3489 versatnrt
752 3420 827 3488 Cum
848 3424 925 3489 idem
946 3427 1081 3507 omnino,
1102 3427 1172 3511 quia
1191 3428 1280 3493 nibil.

104 3532 221 3599 semper
241 3531 295 3574 suo
316 3518 393 3574 statu
414 3516 540 3590 maneat,
561 3516 652 3594 neget
673 3530 740 3573 esse
755 3508 909 3593 quidquam
929 3512 1147 3599 sempiternum,
1167 3532 1268 3577 nonne

104 3595 190 3660 deum
212 3596 329 3660 omuino
350 3597 392 3659 ita
412 3595 503 3675 tollit,
531 3600 563 3656 ut
583 3592 692 3657 nullam
712 3615 730 3658 o
750 3593 879 3658 inionem
899 3594 962 3659 eius
984 3595 1126 3681 reliquam
1145 3596 1268 3663 nsaw

103 3680 142 3744 cf.
163 3687 318 3768 praeterea
338 3679 424 3745 Sext.
440 3678 553 3766 Empir.
573 3677 627 3742 lX.
639 3680 690 3743 19.
717 3615 855 3753 (fuamvis
877 3686 972 3743 autem
992 3679 1058 3767 ipse
1078 3679 1267 3747 Democritus

102 3764 151 3829 vir
172 3772 253 3830 esset
272 3767 338 3853 pius
359 3772 390 3829 et
408 3766 565 3844 honestus,
590 3769 687 3827 tamen
708 3764 768 3828 ista
788 3762 825 3827 de
846 3763 1026 3845 simulacris,
1049 3786 1123 3850 qnae
1144 3764 1266 3837 deorum

102 3848 168 3915 loco
181 3849 439 3930 essentbabenda,
460 3848 593 3913 doctrina
613 3848 710 3912 inanis
732 3868 853 3938 prorsus
874 3857 904 3912 et
915 3848 1158 3997 pemiciosalvrit
1177 3849 1267 3915 nibil·

102 3954 160 4020 que
180 3937 272 4023 potuit
292 3934 485 4015 substituere,
506 3932 582 4018 quod
604 3933 681 3997 cultu
702 3940 733 3997 et
752 3932 807 3996 reli
832 3933 899 3997 'one
935 3934 1038 4020 ignum
1059 3934 1154 3999 visum
1174 3942 1265 4017 esset,

101 4020 189 4102 nibil,
211 4020 287 4106 quod
308 4025 405 4084 mente
425 4024 456 4083 et
475 4018 672 4116 intelligentia
692 4038 808 4105 compre
830 4017 973 4082 enderent
993 4017 1137 4116 bomines.
1162 4017 1265 4105 ltaque

101 4104 271 4254 Diagoras,
297 4125 362 4168 cunr
384 4102 430 4167 bis
452 4103 638 4192 opinionibus
659 4103 802 4203 imbutus,
822 4102 936 4201 priscas
957 4102 1120 4189 rebgiones
1141 4104 1265 4203 exeni-

102 4210 159 4254 mrs
196 4210 325 4255 ominum
345 4188 504 4253 extrahere
524 4188 665 4269 studeret,
685 4208 751 4251 rure
771 4195 928 4275 impietatis
949 4195 1051 4252 auctor
1064 4196 1112 4253 est
1130 4188 1263 4253 bubrtusz

102 4275 139 4340 ab
159 4274 216 4341 bac
234 4273 400 4341 Democriti
420 4274 499 4340 enim
524 4272 680 4363 disciplina
703 4272 881 4363 inpietatem
900 4271 1056 4361 Diagorae
1075 4272 1264 4363 repetendam
