2760 4792
142 223 188 295 48
526 226 929 300 COMMENTATIONES

220 393 309 463 Ἴδεώ
329 394 372 462 θ’
396 391 430 475 ὃς
451 391 612 482 κάρτιστος
633 398 817 480 ἐπιχθονίων
836 391 874 484 ἦν
895 399 1026 488 ἀνδρῶν.

142 484 194 546 καί
214 478 396 569 Λυκόφρων
422 481 540 547 ἐπαινεῖ
561 481 616 568 τὴν
635 481 816 568 μετάθεσιν,
848 482 890 563 ὡς
912 488 955 551 δι’
979 488 1075 573 αὐτῆς
1095 487 1314 576 έστηριγμένου

143 572 199 632 τοῦ
221 569 344 650 στίχου·
367 565 402 631 τδ
423 563 493 652 γόρ.

140 693 143 696 >
230 655 295 717 Τὸν
317 651 346 715 δ’
371 646 617 734 ἀπαμειβόμενος
638 652 779 740 προσίφη
801 658 908 739 κρείων
928 653 1093 740 Διομήδης

143 743 232 821 σιγῶ,
261 733 399 844 Ὁμήρου
426 737 671 822 κωμῳδηθέντος
696 735 757 804 bob
777 741 936 846 βέρατίνου
963 741 1071 806 διὰτὸ
1092 739 1256 807 πλεονάσαι
1278 744 1314 810 έν

142 827 186 908 τῷ
216 821 270 887 τόν
296 823 315 885 δ
350 822 610 903 ἀπαμειβόμενος·
640 820 712 909 όπερ
746 823 827 889 οδτω
854 827 1064 908 πεπονημένοι
1094 827 1151 892 οὐκ
1177 825 1314 912 ὤκνησεν
1366 902 1369 907 ,

138 904 319 988 Ἀντίμαχος
346 913 537 987 μεταθεῖναι.
578 910 708 974 Notasse
733 910 850 974 videtur
875 911 1016 978 Cratinus
1042 912 1116 977 illud
1138 910 1313 994 ἀπαμειβό-

140 1017 232 1074 μενος
252 991 392 1078 προσέφη
420 995 547 1058 maxime
574 1015 609 1058 eo
631 994 764 1076 nomine,
799 996 875 1080 quod
896 997 970 1060 haec
991 997 1138 1085 epicorum
1158 1002 1313 1086 poetarum

142 1077 322 1165 abundantia
349 1085 379 1142 et
405 1078 547 1142 narrandi
574 1078 694 1142 ubertas
716 1079 853 1144 alacriori
874 1082 920 1144 sui
942 1082 1008 1145 aevi
1029 1082 1060 1146 in
1084 1083 1151 1147 enio
1174 1083 1314 1172 displice-

140 1161 200 1228 bat.
243 1162 339 1227 Tales
359 1163 538 1227 imitationes
560 1164 647 1227 etiam
669 1163 720 1226 alii
741 1185 846 1228 versus
870 1163 986 1230 Cratini
1005 1104 1149 1255 probunt,
1179 1173 1212 1234 ut
1232 1168 1313 1254 quoti

141 1268 181 1312 cx
201 1247 257 1311 hac
277 1247 344 1334 ipsa
363 1247 466 1311 fabula
486 1246 597 1311 Pollux
618 1248 750 1314 servavit
769 1249 823 1316 IX.
845 1249 904 1316 99:
1077 1263 1079 1267 '

224 1333 417 1395 Πανδιονίδα
438 1326 553 1407 πόλεως
572 1336 700 1414 βασιλεῦ

226 1420 293 1498 Τῆς
313 1413 510 1500 ἐριβώλακος.

138 1507 169 1564 et
187 1500 261 1564 illud
282 1522 321 1565 ex
340 1501 457 1587 Pylaea
478 1500 554 1589 apud
579 1499 701 1565 Suidam
723 1499 764 1566 Τ.
785 1502 810 1568 Ι.
831 1523 861 1592 p.
882 1499 960 1570 146:

222 1583 351 1660 Αότοδς
372 1587 563 1663 ἐπαίδευσεν,
586 1584 720 1670 ἔθρεψέν
740 1610 774 1651 τε

222 1669 394 1752 Δημοσίοις
411 1668 568 1755 χρήμασιν
589 1673 631 1747 εἷς
651 1668 740 1753 ἥβην,

213 1750 278 1817 Ἵνα
300 1756 377 1819 ποτέ
396 1757 425 1820 οἳ
445 1753 548 1840 λοιγόν
573 1752 753 1835 ἀμύναιντο.
1228 1822 1231 1827 .

136 1836 225 1929 Adde
246 1840 314 1904 huic
335 1840 512 1906 simillimum
540 1840 704 1928 exemplum
726 1861 765 1905 ex
788 1839 968 1905 Chironibus
1041 1840 1081 1905 ud
1100 1841 1252 1908 Plutarch.
1275 1846 1311 1910 iu

136 1927 199 1989 vita
217 1926 328 1990 Pericl.
355 1949 380 1992 c.
407 1930 451 2012 3.)
484 1926 534 1990 ubi
560 1947 665 1991 rursus
695 1925 829 1990 Deorum
855 1947 951 1990 sermo
978 1946 997 1990 a
1043 1926 1168 1993 Homeri
1195 1949 1311 1997 morem

136 2031 192 2075 usu
229 2018 311 2074 atur:

193 2033 337 2170 ΓΡΣτοίσις
357 2093 391 2157 δὲ
411 2092 470 2179 γδιρ
492 2095 545 2157 καὶ
566 2091 769 2181 πρεσβυγενὴς
789 2088 913 2176 Χρόνος
933 2089 1092 2176 ἀλλήλοισι
1111 2093 1230 2182 μιγέντε
1249 2094 1328 2179 prb.

643 2201 748 2262 γιστον
768 2178 901 2241 τίκτετον
920 2174 1069 2264 τόραννον

213 2259 271 2327 Ὃν
293 2261 332 2346 δὴ
353 2259 596 2347 κεφαληγερέταν
621 2265 689 2326 θεοί
716 2265 873 2327 καλοῦσιν.

136 2354 167 2414 et
194 2354 350 2436 praeterea
370 2367 521 2435 compares
541 2368 660 2411 versum
681 2347 758 2436 apud
778 2345 965 2412 Athenaeum
985 2346 1054 2413 XII.
1075 2370 1104 2438 p.
1124 2349 1198 2416 566.
1219 2348 1277 2416 Fu

229 2435 326 2496 Ταυτὶ
349 2430 387 2514 δὴ
417 2436 535 2511 τολμᾶς
555 2431 594 2496 σδ
615 2432 722 2516 λέγειν,
744 2427 969 2517 ῥοδοδάκτυλος
990 2425 1078 2497 οδσα.
1100 2466 1103 2471 <

138 2517 319 2604 Quamquam
344 2538 524 2605 magnopere
552 2524 667 2598 errant,
689 2518 737 2602 qui
758 2516 829 2580 talia
850 2538 885 2581 eo
906 2517 1028 2583 consilio
1050 2541 1069 2583 a
1089 2517 1198 2582 comico
1220 2517 1307 2584 adbi-

136 2603 199 2668 bita
220 2625 287 2668 esse
309 2603 498 2683 existimant,
527 2607 559 2665 ut
578 2601 743 2683 Homerus,
763 2602 812 2666 vel
833 2603 965 2690 tragicus
987 2603 1091 2689 aliquis
1113 2609 1201 2690 poeta
1219 2610 1307 2669 nota-

136 2696 235 2767 retur3
270 2710 373 2752 verum
394 2687 509 2772 quaudo
537 2708 586 2751 res
608 2686 690 2751 leves
712 2696 742 2751 et
762 2686 889 2751 ludicras
911 2693 1038 2752 tractant
1062 2688 1179 2769 comici,
1213 2708 1305 2776 saepe

137 2793 274 2838 sermone
301 2773 409 2860 granh
435 2778 465 2835 et
492 2792 582 2860 supra
604 2792 720 2837 soccum
741 2779 918 2858 assurgente
938 2779 1074 2854 utuntur,
1112 2772 1161 2857 qui
1181 2771 1219 2835 οδ
1241 2772 1306 2861 epi·

136 2879 236 2922 corum
265 2863 295 2921 et
323 2857 502 2944 tragicorum
528 2856 747 2922 similitudinem
783 2857 917 2944 proxime
945 2858 1057 2922 accedit
1087 2862 1117 2921 et
1146 2878 1235 2921 saec
1264 2878 1305 2923 ex

136 2941 254 3006 illorum
281 2943 418 3031 operibus
440 2948 487 3005 est
510 2942 666 3029 repetitus:
708 2943 751 3006 ita
772 2948 884 3023 autem,
912 2964 976 3005 cum
1003 2943 1169 3029 argumenti
1195 2877 1304 3009 buius

136 3027 283 3115 discrepet
304 3049 322 3091 a
343 3027 488 3091 sermonis
549 3027 673 3108 evitate,
706 3027 808 3091 existit
826 3026 916 3108 illud,
949 3027 1025 3112 quod
1050 3027 1152 3092 comici
1172 3027 1304 3093 maxime

135 3118 283 3201 spectant,
303 3111 467 3176 ridiculum.
535 3112 562 3175 ic
582 3112 674 3199 igitur
696 3111 836 3178 Cratinus
858 3112 981 3176 dixerit:

219 3197 365 3261 Χαλκίδα
385 3191 580 3279 κικλήσκουσι
599 3196 683 3275 θεοί,
708 3194 816 3280 ἄνδρες
837 3195 871 3258 δὲ
891 3193 1028 3278 κόβηλιν.

133 3279 193 3345 Est
219 3289 316 3346 autem
342 3280 391 3345 bic
417 3302 654 3367 quoqueversus
676 3282 714 3346 ad
734 3281 892 3363 Fugitivas
914 3282 1089 3346 referendus
1110 3279 1301 3368 tangiturque

132 3366 198 3455 ipse
218 3366 270 3431 ille
291 3366 422 3453 Lampo:
454 3365 582 3431 maxime
608 3374 702 3431 autem
729 3373 848 3430 notatur
867 3366 994 3431 hominis
1015 3366 1149 3430 avaritia.
1191 3364 1302 3439 Quam·

135 3473 220 3537 quam
242 3450 320 3515 euim
347 3452 476 3516 fortasse
503 3452 645 3538 quispiam
671 3451 805 3516 dubitare
832 3452 940 3539 possit,
983 3452 1042 3516 scri
1062 3450 1172 3515 seritne
1200 3448 1302 3515 Crati-

132 3557 190 3601 nus
211 3536 357 3598 Χαλκίδα
378 3558 417 3600 an
437 3536 516 3601 aliud
538 3537 613 3623 quod
634 3536 770 3617 verbum,
806 3543 904 3601 tamen
923 3473 1075 3626 probabile
1095 3542 1164 3623 puto
1186 3534 1301 3600 Home-

133 3623 226 3686 ricum
247 3620 419 3685 vocabulum
435 3622 573 3685 acomico
594 3627 682 3710 poeta
702 3627 851 3685 servatum
872 3642 951 3702 esse,
972 3628 1003 3684 ut
1013 3621 1153 3708 pecuniae
1175 3620 1301 3685 avidita-

133 3712 192 3772 tem
213 3711 337 3770 notaret
382 3705 502 3772 Chalcis
524 3707 618 3787 enim,
650 3705 791 3771 Euboeae
812 3706 883 3770 urbs
904 3727 964 3770 non
985 3705 1142 3792 ignobilia,
1163 3705 1221 3769 suit
1242 3705 1300 3769 hoc

131 3790 197 3856 iso
223 3791 342 3854 nomine
369 3790 497 3855 famosa:
538 3791 714 3855 Plutarchus
742 3791 879 3880 proverb.
909 3791 1013 3875 quibus
1033 3789 1125 3854 Alex.
1154 3789 1203 3853 usi
1229 3795 1300 3853 sunt

130 3813 188 3943 δλτ
232 3876 395 3953 Χαλκίζειν
416 3876 615 3958 (scribendum
636 3875 753 3940 videtur
772 3874 1033 3957 Χαλκιδίζειν)
1055 3877 1103 3938 έπί
1120 3878 1300 3957 γλισχρευο·

129 3960 243 4042 μένων·
264 3960 294 4025 oi
314 3960 373 4046 γὰρ
394 3961 426 4026 έν
446 3960 566 4049 Εὐβοία
586 3963 751 4036 Χαλκιδεῖς
778 3962 826 4025 ent
853 3963 1040 4049 φιλαργυρία
1065 3960 1297 4046 έκωμῳδυῦντο.

130 4044 246 4111 Eodem
276 4046 436 4111 reserenda
459 4045 576 4111 videtur
601 4045 688 4109 etiam
715 4045 870 4134 appellatio
897 4045 950 4108 illa
976 4045 1177 4125 meretricum,
1209 4064 1298 4128 quam

131 4137 283 4213 memorat,
304 4131 435 4218 quamvis
457 4152 542 4195 secus
567 4130 786 4220 interpretetur,
805 4128 943 4194 Eustatb.
964 4130 1001 4195 ad
1026 4129 1064 4193 ll.
1089 4144 1128 4210 φ.
1148 4149 1177 4217 p.
1200 4128 1296 4210 1329,

128 4216 188 4281 31:
230 4218 296 4280 Kal
315 4215 379 4299 μὴν
393 4215 577 4299 Ἀνακρέων
601 4212 658 4297 τὴν
681 4211 827 4297 τοιαύτην
851 4213 889 4279 οὗ
916 4211 997 4278 πάνυ
1022 4216 1183 4299 σφοδρῶς,
1214 4210 1297 4277 ἀλλὰ

128 4300 385 4389 περιεσκεμμένως
415 4300 585 4367 πανδοσίαν
609 4298 743 4366 ὠνείδισε
768 4301 820 4364 καί
850 4294 1007 4387 λειόφορυν
1031 4301 1082 4365 καί
1103 4294 1296 4379 πολόνμνον·
