2768 4770
1229 212 1268 258 11

107 395 197 469 salsa
236 401 272 466 et
303 393 444 466 ridicula
481 392 516 466 in
549 392 712 474 communi
743 392 829 466 ritae
871 391 1106 468 consuetudine
1147 388 1273 465 dixisse

106 511 434 603 animadvertissent,
484 512 521 583 in
559 511 749 585 comoediae
782 513 816 582 vi
848 516 883 585 et
915 521 1034 585 notura
1072 511 1274 585 aestimanda

109 632 219 705 emnia
245 631 287 702 ad
311 633 420 724 iocum
445 639 479 720 et
509 630 649 703 facetias
672 639 885 720 revocarent3
922 630 1135 727 quiquidem
1166 654 1273 727 neque

108 750 276 846 ingenium
300 748 572 840 Atheniensium,
590 773 711 848 ,neque
743 748 932 821 comoediae
967 749 1030 820 uim
1055 756 1090 822 et
1115 749 1276 823 rationem

109 868 264 941 ridentur
286 867 527 960 intellexisse,
551 867 650 940 credo
677 866 764 964 quod
790 891 857 938 non
888 846 1278 964 perspexerant'utrius-

32 970 36 974 ⁵
110 1011 173 1083 quc
198 986 402 1058 incrementa
431 986 468 1056 in
493 986 667 1059 cannariis
703 1010 841 1082 prorsus
873 986 1022 1083 partibus
1055 1010 1128 1058 esse
1153 987 1276 1084 posita.

110 1101 202 1177 Sane
232 1103 457 1186 Athenienses
488 1103 538 1175 ita
575 1104 646 1177 nati
685 1113 779 1176 erant
786 1155 798 1195 ,
850 1110 888 1176 ut
916 1098 1042 1203 ‘lepore
1072 1104 1277 1202 facetiisque

108 1222 251 1315 maxime
285 1221 527 1294 delectarentur
559 1247 742 1319 magnoque
774 1221 900 1318 ingenii
932 1223 1080 1297 acumine
1112 1223 1279 1297 hominum

110 1365 220 1413 mores
253 1347 425 1432 notarent,
460 1365 543 1438 quos
574 1339 774 1412 facetissime
808 1341 1016 1413 imitarentur
1047 1348 1081 1412 et
1105 1351 1279 1416 narrarent

110 1459 206 1531 vultu
230 1464 265 1530 et
289 1482 370 1531 voce
397 1458 583 1531 adiurante.
607 1461 656 1532 At
671 1483 747 1531 uero
775 1458 922 1531 admixta
946 1468 998 1531 est
1022 1461 1131 1556 gentis
1158 1461 1278 1534 atticae

110 1575 246 1674 ingenio
271 1577 370 1648 etiam
389 1598 522 1674 'magna
547 1577 705 1674 quaedam
731 1578 910 1650 severitasr
944 1602 1027 1674 quae
1061 1579 1125 1652 etsi
1150 1580 1280 1652 ridetur

111 1695 251 1767 difficile
286 1719 360 1767 cum
390 1695 507 1793 lepore
541 1696 713 1769 conciliari
744 1720 864 1793 pesse,
915 1705 1026 1769 temen
1056 1696 1279 1771 Athenienses

110 1813 202 1885 hane
239 1814 428 1886 societatem
468 1814 626 1884 inierunt.
676 1813 827 1884 Maxime
859 1821 968 1885 autem
1001 1815 1127 1911 antiqui
1159 1816 1212 1887 illi
1244 1823 1279 1889 et

30 1987 33 1991 -
115 1932 266 2029 germani
319 1931 541 2021 Athenienses
596 1929 789 2028 dignitatem
842 1938 876 2003 et
921 1931 1117 2029 grauitatem
1168 1935 1280 2027 vultu,

37 2087 43 2096 ·
113 2051 242 2143 hahitu,
267 2075 431 2143 sermone,
456 2058 564 2124 mente
591 2050 779 2123 seruabant.
827 2049 940 2146 Atque
965 2052 1020 2124 rel
1044 2049 1196 2125 Pericles
1221 2052 1281 2126 ille

112 2170 258 2251 novitiae
292 2169 487 2268 disciplinae
512 2178 629 2243 auctor
661 2177 758 2266 atque
791 2169 947 2268 princeps
973 2193 1130 2256 summam
1156 2172 1284 2244 severi·

113 2295 217 2365 tatem
238 2295 341 2385 'atque
371 2289 591 2362 wconstantiam
615 2288 651 2361 in
676 2288 765 2361 omni
792 2288 858 2361 vita
883 2271 964 2386 prae
989 2315 1027 2363 se
1051 2291 1198 2383 serebat,
1234 2291 1283 2364 ita

113 2416 153 2481 ut
184 2407 322 2480 effusam
353 2405 552 2479 hilaritatem
586 2431 607 2478 a
639 2430 700 2478 sua
732 2406 892 2503 dignitate
924 2429 1063 2504 prorsus
1103 2409 1281 2483 abhorrere

115 2532 281 2598 censeret.
331 2523 450 2621 Itaque
483 2525 583 2597 etiarn
620 2525 656 2596 in
688 2525 770 2596 artis
810 2525 964 2622 antiquae
991 2527 1124 2611 ⁴atticae
1165 2552 1291 2621 monn-2

115 2644 256 2738 mentis,
296 2644 439 2733 maxime
463 2644 499 2715 in
529 2644 592 2736 iis,
628 2667 713 2740 quae
738 2667 758 2715 a
782 2640 904 2715 Phidia
929 2643 1075 2743 {eiusque
1111 2646 1295 2744 discipulis,

113 2762 268 2860 proiecte
292 2771 381 2855 sunt,
404 2787 526 2859 magua
547 2748 705 2859 quaedam
730 2761 875 2858 gravitas
901 2761 937 2833 in
961 2784 1088 2836 summa
1107 2742 1283 2847 venustate

115 2881 297 2980 conspicue
322 2890 386 2953 est.
407 2879 496 2952 ⁴Iam
522 2887 560 2953 ut
584 2878 751 2976 ingenium
784 2879 905 2952 atticae
930 2870 1042 2978 gentis
1066 2883 1192 2956 verium
1217 2892 1282 2977 est,

114 2999 165 3072 ita
191 3000 291 3072 etiarn
314 2999 427 3097 poesis
452 3000 536 3091 illa,
573 3022 656 3094 quae
683 2998 724 3085 ah
743 2994 1006 3072 Atheniensibus
1032 3009 1072 3087 et]
1091 3001 1224 3074 inventa
1248 3010 1284 3076 et

114 3119 266 3216 perfecta
291 3125 363 3210 est,
401 3108 575 3190 uirtutibus
601 3117 699 3213 piane
725 3117 900 3202 centrariis
925 3126 978 3191 est
1002 3119 1162 3216 insignisr
1203 3144 1283 3193 sane

115 3237 205 3308 enirn
232 3237 366 3334 antiqua
386 3235 557 3309 comoedia
580 3218 748 3315 hilaritate
773 3258 899 3307 summa
913 3235 1067 3329 abundat,
1093 3245 1284 3312 nontamen

117 3355 154 3428 iu
177 3355 304 3452 leporis
329 3355 586 3450 facetiarumque
610 3353 832 3450 perpetuitate
859 3361 1030 3447 versetur,
1058 3355 1126 3428 sed
1151 3366 1285 3430 strenue

116 3474 284 3572 propositi
308 3474 504 3572 gravitatem
524 3471 746 3568 persequitur.
771 3470 869 3544 Unde
885 3472 972 3544 enim
998 3496 1113 3551 censes
1140 3475 1285 3549 comicae

117 3592 230 3690 poesis
258 3589 403 3689 origines
435 3589 630 3688 repetendas
657 3614 751 3683 esse,
785 3590 851 3660 nisi
876 3614 928 3675 err
952 3591 1012 3662 illo
1039 3582 1154 3664 delore
1187 3601 1286 3690 etque

117 3709 346 3806 aegritudine,
398 3734 463 3807 qua
494 3708 568 3805 pius
607 3709 829 3805 honestusque
863 3709 989 3781 animus
1023 3709 1209 3804 efficiatur,
1256 3713 1286 3785 si

119 3829 298 3901 intentiore
333 3851 412 3900 eura
444 3852 553 3899 rerum
586 3828 862 3899 ethmnanamm
895 3836 929 3900 et
961 3828 1143 3900 diuinamm
1175 3831 1288 3902 consi-

122 3947 217 4019 deret
242 3946 475 4019 conversiones
502 3943 822 4042 vicissitudinesque,
849 3946 879 4018 si
905 3947 1014 4019 omnia
1035 3948 1140 4019 mixta
1164 3956 1287 4021 temere

120 4074 221 4161 atque
252 4067 301 4137 ita
333 4064 524 4162 perturbata
557 4088 631 4136 esse
664 4065 919 4158 animaduertat,
966 4074 1004 4137 ut
1035 4090 1079 4139 ex
1113 4066 1287 4140 virtutibus

123 4183 295 4258 finitimum
315 4182 478 4281 quoddam
504 4183 619 4254 vitium
644 4190 742 4282 atque
766 4185 887 4256 malum
912 4183 1113 4277 efflorescat,
1138 4185 1169 4258 si
1194 4185 1289 4262 deui-
