2768 4770
359 223 418 291 DE
440 223 583 300 nomo.
605 223 793 294 COMOED.
814 229 921 296 ΑΤΤ.
942 228 1087 306 anulo.
1239 234 1304 301 373

131 387 307 473 άνομάλοος
333 387 418 468 εἶπας
445 389 612 474 πιθήκους·
651 390 668 457 5
693 393 750 476 μέν
775 419 808 479 γε
838 392 953 475 δεινός,
980 395 997 463 5
1024 400 1059 463 δὲ
1085 393 1195 476 κόλαξ,
1224 397 1241 464 5
1270 401 1304 465 δέ

129 477 237 553 νόθος.
278 477 315 542 ld
336 478 378 541 ita
399 478 558 541 constituo:
1078 534 1081 541 .

214 565 260 626 A.
282 558 448 645 Μεγάλους
470 559 631 644 πιθήκους.
674 564 715 625 Β.
740 558 811 628 Οίδ’
835 560 956 647 ἑτέρους
976 564 1061 643 τινάς
1081 564 1186 651 λέγειν,
1277 576 1280 580 ’

213 644 359 722 Λυκίαν,
384 646 514 723 Τελέαν,
535 647 744 730 Πείσανδρον,
763 646 983 730 Ἐξηκεστίδην.

212 734 257 795 Α.
274 726 470 810 Ἀνωμάλους
491 727 576 806 εἶπας
597 729 758 813 πιθήκους.
804 732 858 815 (Β.
879 735 978 816 Πῶς,·
1019 736 1065 800 Ἀ.
1079 731 1216 822 Ὅπωςς)

207 812 246 964 :g
267 814 381 963 51}an
398 813 509 893 δειλός,
531 811 548 879 5
570 817 604 880 δέ
624 812 732 894 κόλαξ,
754 814 786 900 (5
808 817 843 881 δέ
864 816 947 894 ξένος
953 821 978 902 ,)
1067 846 1069 850 ’

306 955 309 959 .
382 924 425 964 ο.

124 981 226 1052 Versu
251 985 346 1072 primo
372 923 437 1048 edm
458 981 613 1048 Meinekio
642 983 749 1071 scripsi
770 979 831 1047 οἶδ’
856 981 987 1069 ἑτέρους.
1027 1006 1055 1051 v.
1076 988 1098 1052 3
1120 981 1300 1066 ἀνωμάλους

124 1069 245 1132 οωοίοο
271 1069 472 1157 reponendum
494 1072 580 1146 erat3
606 1067 713 1132 deindo
740 1088 859 1133 versum
885 1077 918 1133 ut
936 1069 1173 1169 redintegrarem
1201 1071 1299 1137 addidi

123 1158 208 1234 nuda,-
230 1149 323 1228 ὅπως.
364 1175 394 1220 v.
414 1151 445 1217 4.
463 1173 516 1241 pro
542 1147 639 1226 δεινάς
658 1153 778 1240 reposui
797 1149 917 1228 δειλάςε
948 1154 1005 1219 hoc
1027 1176 1106 1218 enum
1132 1155 1170 1219 ad
1190 1156 1299 1220 Pisau-

123 1237 210 1303 drum
231 1239 374 1326 pertinet:
401 1258 496 1322 neque
518 1236 596 1300 enim
617 1239 819 1301 necessarium
840 1244 902 1319 ost,
924 1246 957 1302 ut
976 1238 1080 1303 eodem
1101 1240 1207 1304 ordine
1227 1261 1298 1305 enu-

121 1332 276 1387 merentur
287 1323 338 1386 isti
347 1323 493 1404 homiues,
503 1342 561 1406 qno
571 1329 763 1386 recensuerat
772 1321 856 1410 prior
864 1322 914 1407 qui
926 1329 992 1387 erat
999 1323 1199 1389 interlocutos.
1215 1323 1298 1390 Satis

122 1407 202 1471 enim
224 1413 304 1472 certo
331 1409 464 1471 sciebant
482 1405 683 1470 Athenienses
711 1406 769 1471 hoc
790 1407 901 1472 crimen
922 1408 954 1471 in
976 1406 1156 1473 Pisandrum
1183 1409 1297 1475 coniici.

120 1489 237 1556 Eodem
258 1492 376 1556 nomine
387 1489 606 1578 Aristophanes
628 1505 744 1576 quoque
761 1489 922 1556 incdvibus
943 1514 972 1557 v.
986 1493 1070 1559 1553
1082 1515 1149 1559 eom
1168 1496 1296 1560 notavitz

208 1577 297 1659 Πρὸς
319 1576 352 1639 δὲ
372 1586 435 1651 τοῖς
456 1572 624 1638 Σκιάποσιν
644 1576 735 1659 λίμνη
757 1599 803 1652 τις
823 1573 889 1641 ἴστ’
913 1573 1044 1654 ἄλουτος
1065 1567 1103 1642 οὗ

211 1663 396 1744 Ψυχαγωγεῖ
412 1657 595 1745 Σωκράτης·
636 1737 640 1744 ¹

199 1743 301 1809 Ἔνθα
321 1748 373 1808 καί
393 1732 686 1829 Πείσανδροςιῆλθε
759 1752 763 1760 ’

206 1826 361 1912 Δεόμενος
381 1826 487 1912 ψυχην
508 1823 633 1908 ίδεῖν,ἢ
690 1889 693 1892 ⁴

204 1914 307 1979 Zoior’
331 1915 443 1978 ἐκεῖνον
470 1909 644 1997 προῦλιπεν.

117 2000 169 2064 ubi
190 1998 349 2065 Scholiast.
370 1998 444 2063 haec
465 1998 629 2063 adnotavit:
665 1983 765 2070 Οὗτος
791 1992 889 2071 δειλὸς
910 1986 963 2078 ἦν·
995 1987 1091 2078 ἦλθεν
1112 1986 1167 2061 οὖν
1188 1997 1292 2081 ψυχὴν

119 2086 195 2148 ἰδεῖν
213 2084 330 2162 θέλων,
352 2084 416 2147 ἐπεὶ
437 2081 493 2146 οὐκ
514 2078 603 2164 εἶχεν,
626 2076 668 2156 ὡς
688 2077 824 2154 Εάπολις
845 2081 877 2144 έν
892 2076 1140 2166 Ἀστρατεύτοις·

135 2211 138 2217 -
205 2170 399 2252 Πείσανδρος
419 2171 462 2243 εἷς
481 2164 656 2230 Πακτωλὸν
676 2163 882 2248 ἐστρατεύετο,

122 2334 133 2358 t
202 2253 456 2360 Κάνταῦθαϊτῇς
476 2255 623 2400 στρατιάς
644 2247 784 2325 κάκιστος
804 2241 842 2353 ᾖν
863 2244 951 2356 ἀνήρ.
1079 2272 1088 2319 ‘.
1195 2334 1203 2349 θ

114 2341 423 2489 i5igdxiifeiinii
444 2332 1291 2507 idid,gititidani'ediiadiisidpd‘dridginhi'iaiediiliddi

114 2507 231 2590 τένθης
251 2515 387 2572 vocatur:

199 2595 266 2658 Καὶ
287 2588 452 2683 Κωπᾴδων
473 2589 575 2655 έλθεῖν
596 2588 764 2673 σπυρίδας,

199 2680 266 2742 Καὶ
279 2679 356 2762 ,περὶ
376 2672 492 2750 τούτοις
511 2670 593 2757 ἡμᾶς
614 2667 753 2755 όθρόους
797 2710 800 2715 ·
882 2733 885 2737 .
938 2713 943 2739 ι

196 2760 421 2844 Ὀψωνοῦντας
441 2757 652 2846 τυρβάζεσθαι

118 2905 122 2911 .
199 2845 357 2933 Μορύχῳ,
381 2845 494 2934 Τελέρ,
515 2841 691 2928 Ιλαυκέτη,
704 2835 817 2914 ιε’όλλοις

201 2932 338 3006 Τένθαις
359 2933 492 3006 πολλοῖς.
739 2990 743 2995 ,
950 2992 952 2999 ,
1049 2956 1053 2965 ·

108 3015 233 3080 Deinde
255 3012 272 3079 5
294 3018 328 3080 δὲ
348 3015 431 3091 ξένος
452 3013 562 3095 adieci,
583 3009 661 3097 quod
680 3008 730 3073 vel
751 3004 936 3071 scholiastae
956 3004 1137 3093 propositum
1157 3004 1284 3093 flagitat,

109 3101 162 3185 qui
183 3099 391 3166 Execestidem
416 3100 465 3164 hic
491 3106 627 3183 tauquam
674 3092 845 3179 eregrinum
869 3089 1027 3157 ¹luorninem
1048 3089 1146 3166 notari
1167 3091 1283 3175 asserit,

108 3185 188 3271 qood
210 3185 281 3249 fecit
301 3185 570 3273 Aristophaneset
590 3181 622 3244 iu
642 3115 694 3243 iiio
714 3197 804 3240 versu
826 3171 951 3240 Avium:
1030 3228 1032 3233 .

195 3272 262 3333 EY.
279 3268 451 3333 Ἐντευθενί
472 3266 528 3349 τὴν
548 3262 672 3351 πατρίδ’
697 3258 736 3324 δν
755 3257 889 3345 ε’ξεάροις
908 3253 948 3323 σά
969 3280 1046 3334 παυς
1101 3300 1103 3307 ›

194 3357 284 3421 ΠΕῙ.
310 3352 392 3418 Οὐδ’
416 3351 455 3416 ov
474 3350 520 3431 μὰ
540 3350 605 3415 Δία
626 3347 657 3433 γ’
681 3342 1059 3433 έντεῦθενᾞξηκεστίδης.
1107 3412 1111 3419 ,

106 3444 140 3504 et
159 3458 264 3503 rursus
286 3440 367 3503 inira
389 3459 419 3505 v.
440 3433 518 3502 764:
811 3494 824 3501 ..
896 3480 900 3487 -
950 3488 953 3492 .

193 3526 234 3586 Et
253 3525 287 3588 δέ
308 3519 419 3597 δοῦλός
439 3522 504 3585 ἐστι
524 3519 577 3582 καί
596 3513 684 3602 Κάρ,
712 3511 813 3599 ὥσπερ
830 3508 1051 3614 Ἐξηκεστίδης,
1071 3538 1090 3587 j

196 3605 331 3672 Φυσάτω
352 3603 496 3680 πάππους
516 3600 588 3688 παρ’
610 3596 683 3685 ἡμῖν
704 3601 755 3663 καὶ
775 3599 947 3687 φανοῦνται
967 3616 1131 3679 φράτορες.
1171 3618 1194 3636 ··

104 3690 181 3756 Fuit
205 3699 302 3757 autem
328 3694 378 3757 hic
398 3688 594 3755 Execestides
615 3683 818 3751 citharoedus:
848 3680 881 3744 in
908 3699 1010 3743 errore
1037 3677 1117 3742 enim
1142 3685 1280 3743 versatur

104 3779 157 3862 qui
179 3778 362 3864 distinguere
384 3776 511 3855 videtur,
532 3773 679 3860 interpres
701 3764 928 3854 Aristophanis:
941 3759 1029 3844 ’Ἐστι
1051 3760 1092 3837 δέ,
1105 3763 1156 3844 καίΙ
1178 3762 1279 3847 έτερος

102 3859 184 3945 έχων
205 3859 301 3948 λάρον
321 3860 409 3947 ἔργον
429 3855 584 3935 Εὐδόξου,
605 3855 729 3920 τιταίνει
748 3851 889 3937 ψίθυρον
908 3843 1009 3931 εὐήθη
1029 3841 1140 3928 νόμον·
1160 3846 1279 3930 μέμνη-

102 3973 157 4013 ται
190 3947 224 4011 δέ
242 3944 349 4012 ,αὐτοῦ
376 3947 428 4010 καὶ
455 3941 609 4022 Πολέμων
640 3940 672 4004 έν
697 3942 741 4025 τῷ
773 3934 877 4018 δευτέρ
936 3933 1005 4017 περὶ
1034 3935 1090 4014 τῆς
1110 3927 1278 4014 Ἀθήνησίν

99 4032 346 4117 Ἐρατοσθένους
374 4028 550 4112 ἔπιδημίας,
577 4022 686 4119 λέγων·
720 4017 777 4104 ,50
805 4021 839 4085 δέ
862 3957 1073 4126 ’ἔξηκεστίδης
1099 4015 1277 4103 κιθαρῳδὸς

101 4119 314 4200 Πυθιονίκης·
340 4121 408 4181 νικά
430 4115 464 4178 δέ
490 4116 541 4177 καί
567 4108 621 4176 τόν
646 4112 708 4174 τῶν
728 4105 887 4190 Καρνείων
912 4106 1016 4186 apciora
1041 4099 1096 4166 τὸν
1115 4101 1148 4164 έν
1167 4103 1276 4166 Λακε-

100 4203 229 4284 δαίμονι
254 4203 305 4265 καὶ
325 4181 538 4282 Πανάθήναια
565 4195 649 4271 δίς.“
690 4192 741 4278 qui
766 4189 882 4278 quidem
910 4208 997 4275 error
1021 4186 1152 4251 fortasse
1178 4207 1276 4250 exeo

100 4295 204 4372 ortus,
230 4285 306 4373 qnod
327 4307 401 4372 quae
428 4284 462 4350 in
488 4280 614 4368 antiquis
641 4276 762 4347 scholiis
788 4273 920 4342 auctiora
944 4270 1136 4360 legebantur,
1167 4269 1275 4354 hicio
