2760 4792
490 1134 814 1219 LIBER
875 1136 966 1217 11.

592 1504 781 1579 CAPUT
832 1504 865 1579 1.

187 1742 191 1749 “
239 1680 374 1799 Cratiui
395 1732 525 1818 aequalis
546 1732 602 1797 suit
622 1730 750 1817 Crates,
778 1733 821 1797 ita
840 1738 939 1798 tameu
958 1738 992 1797 ut
1010 1736 1082 1795 netu
1101 1729 1199 1795 miuor
1218 1728 1313 1797 fuisse

152 1820 300 1885 videatur:
322 1826 401 1883 certe
422 1818 560 1882 inclaruit
579 1838 615 1882 eo
631 1818 895 1905 demumtempore,
916 1837 1003 1904 quum
1023 1816 1074 1881 iile
1094 1816 1153 1880 iam
1174 1834 1313 1903 maguum

151 1905 400 1969 etauctoritatem
423 1917 452 1967 et
472 1900 586 1967 laudem
613 1904 671 1966 sibi
692 1903 924 1984 conciliavisset,
945 1903 1014 1966 hinc
1034 1907 1115 1965 recte
1135 1898 1313 1987 Auouymutt

152 1989 188 2054 de
221 1989 370 2054 comoedia
400 2010 429 2075 p.
454 1986 499 2050 Xi
533 1987 579 2050 ed.
611 1987 715 2051 Diudi.
749 1987 805 2049 hoc
838 1987 942 2050 ordine
976 1986 1112 2070 antiquae
1145 1984 1313 2049 comoediae

171 2083 252 2138 oetas
272 2082 422 2137 recenset:
446 2071 573 2133 Τούτων
585 2070 621 2133 δέ
631 2073 705 2133 εἰσιν
720 2067 955 2154 ἀξιολογώτατοι
961 2069 1157 2151 Ἐπίχαρμος,
1170 2064 1314 2152 Μάγνης,

185 2167 321 2243 ρατῖνος,
344 2152 485 2241 Κράτης,
510 2151 711 2236 Φερεκράτης,
735 2152 896 2237 Φρύνιχος,
919 2152 1061 2231 Εὔπολις,
1078 2149 1313 2241 Ἀριστοφάνης.-

150 2242 230 2307 ldem
259 2241 380 2320 deiude,
407 2240 457 2302 uhi
478 2239 641 2302 accuratius
663 2240 830 2303 comoediae
850 2240 1019 2304 memoriam
1039 2238 1185 2320 illustrat,
1210 2246 1314 2327 operte

151 2327 222 2391 dicit
242 2325 388 2391 Cratetem
410 2323 571 2387 insecutum
594 2344 661 2388 csse
683 2322 850 2388 Cratinum:
873 2322 1001 2407 Κράτης
1009 2323 1183 2405 Ἀθηναῖος,
1203 2327 1316 2387 τοῦτον

150 2406 318 2492 ὑποκριτήν
334 2432 411 2492 φασι
431 2407 580 2490 γεγονίναι
601 2408 636 2471 ud
659 2415 789 2493 πρῶτον,
813 2405 847 2483 ὃς
867 2410 1044 2489 ἐπιβέβληκε
1056 2409 1212 2495 Κρατίνῳ,
1234 2402 1315 2471 πάνυ

151 2497 266 2578 γέλοιος
287 2496 337 2556 καί
365 2492 468 2572 ἱλαρὸς
494 2490 664 2575 γενόμενος,
697 2496 746 2556 καὶ
775 2500 895 2576 πρῶτος
921 2490 1094 2573 μεθύοντας
1115 2490 1147 2556 ίν
1168 2492 1315 2583 κωμῳδίρ

152 2576 312 2665 προήγαγε.
358 2578 479 2641 Τούτου
501 2574 643 2659 δράματά
670 2579 750 2642 ἔστιν
771 2575 861 2659 ἑπτά..
898 2578 1009 2665 Longo
1030 2582 1126 2641 autom
1147 2575 1314 2665 locupletis·

152 2665 243 2730 simus
265 2663 348 2726 testis
370 2669 416 2725 est
433 2662 667 2749 Aristophanes,
694 2663 742 2748 qui
763 2663 795 2725 in
816 2662 971 2748 Equitihus
991 2683 1021 2726 v.
1041 2664 1123 2743 537,
1148 2662 1198 2725 uhi
1224 2660 1316 2725 comi·

152 2770 203 2813 cos
230 2748 344 2836 priores
365 2754 515 2826 recenset,
543 2744 665 2810 Cratino
693 2748 845 2846 subiungit
866 2746 1024 2812 Cratetem.
1065 2745 1192 2815 Videtur
1218 2752 1315 2811 auten

153 2831 260 2898 Crates
280 2832 404 2919 primum
425 2831 679 2895 histrionisertem
693 2852 873 2913 exercuisse,
895 2830 1001 2895 deinde
1018 2852 1082 2894 cum
1094 2829 1211 2895 Cratini
1221 2830 1316 2919 poh's-

153 2918 258 2981 simum
280 2923 384 3002 ageret
404 2916 530 2997 fabulas,
553 2916 642 3000 (quod
663 2924 780 3003 praeter
801 2916 1020 3002 grammaticum
1042 2913 1123 2979 illum
1136 2915 1207 2980 dicit
1227 2914 1317 2981 etam

153 3001 252 3065 Schol.
274 3000 426 3088 Aristoph.
448 3000 468 3064 Ι.
490 3001 510 3066 Ι.
532 3003 708 3085 Κωμῳδίας
728 2994 765 3081 ἦν
787 2997 929 3081 ποιητής,
957 2997 991 3074 ὃς
1012 3004 1132 3083 πρῶτος
1152 2996 1315 3083 ὑπεκρίνα-

152 3111 188 3150 το
210 3086 248 3149 τὰ
270 3088 426 3167 Κρατίνου
453 3088 502 3148 καί
525 3084 617 3159 αὐτὸς
640 3083 767 3167 ὕστερον
788 3083 914 3167 ποιητὴς
942 3083 1068 3167 ἐγίνετο)
1091 3104 1190 3149 aurore
1215 3082 1315 3173 poesis

151 3172 278 3233 excitato
304 3177 334 3233 et
364 3170 429 3257 ipse
456 3169 620 3233 comoedias
646 3170 705 3233 scri
725 3170 812 3234 sisse.
854 3168 1033 3252 Quamquam
1059 3176 1154 3233 autem
1187 3168 1315 3233 maxime

154 3255 270 3320 Cratini
303 3254 467 3341 exemplum
497 3252 646 3317 Cratetem
680 3191 723 3318 ad
743 3253 921 3337 sequendum
954 3252 1124 3317 accendisse
1155 3252 1315 3319 verisimile

151 3348 213 3419 est,
233 3359 294 3402 nou
315 3346 413 3401 tamen
435 3337 472 3401 ad
493 3338 708 3402 similitudinem
732 3339 795 3402 eius
816 3358 850 3400 se
872 3337 1040 3422 composuit
1084 3336 1216 3401 Diversa
1235 3336 1316 3403 euim

150 3444 272 3511 prorsus
300 3423 403 3487 horum
436 3430 586 3509 poetarum
613 3422 735 3486 suerunt
759 3422 897 3509 ingenia:
941 3418 1081 3485 Cratinus
1108 3422 1166 3485 suit
1191 3420 1315 3509 iugenio

151 3507 317 3571 vehementi
343 3505 475 3590 quidem,
517 3507 570 3570 sed
599 3527 762 3593 generoso,
805 3506 980 3589 omninoque
1007 3504 1161 3593 Aeschylo
1187 3512 1219 3570 et
1245 3526 1315 3593 ger·

151 3592 246 3655 mauis
268 3590 515 3671 Atheniensibus,
542 3590 592 3675 qui
618 3612 757 3678 maguum
778 3589 921 3675 quoddam
948 3590 1116 3678 spirabunt,
1143 3592 1316 3675 Μαραθω-

151 3671 288 3758 νομάχας
308 3675 375 3738 illos
397 3675 478 3755 dico,
504 3675 682 3739 simillimos:
709 3676 759 3761 qui
779 3682 865 3764 poeta
891 3694 946 3760 quo
976 3675 1067 3739 suerit
1091 3675 1188 3741 auimo
1215 3674 1315 3741 aurcis

151 3760 211 3826 illis
232 3760 368 3825 versibus
390 3759 511 3846 exponit
524 3759 740 3848 Aristophanes
761 3761 794 3823 iu
814 3759 952 3848 parabasi
973 3758 1125 3844 Equitum:

235 3841 314 3909 Είτα
335 3846 492 3929 Κρατίνου
513 3846 716 3925 μεμνημένος,
739 3841 773 3919 ὃς
793 3848 897 3928 πολλῷ
919 3839 1030 3928 pedone
1051 3842 1121 3907 ποτ’
1144 3843 1261 3929 ἐπαίνῳ

235 3929 300 3993 Aah
321 3934 381 3992 τῶν
402 3927 525 4015 ἀφελῶν
546 3930 655 3992 πεδίων
676 3926 755 4013 ἔρρει
776 3930 827 3991 καὶ
848 3934 902 4010 τῆς
923 3923 1058 4003 στάσεως
1078 3924 1278 4012 παρασύρων,

108 4067 111 4071 .
233 4008 361 4099 Ἐφίρει
381 4012 437 4091 τὰς
465 4014 541 4099 δρῦς
562 4015 613 4079 καὶ
642 4013 699 4089 τδς
718 4010 891 4087 πλατάνους
917 4014 967 4075 καί
989 4011 1061 4087 τοδς
1082 4010 1217 4099 δχθροδς
1237 4034 1315 4102 προ-

906 4093 982 4161 tete
1009 4122 1060 4159 νου

223 4174 326 4247 'Arm
348 4180 379 4245 δ’
404 4180 460 4246 οὔκ
480 4172 519 4263 ἦν
539 4184 571 4246 ἓν
592 4181 752 4267 συμποσίῳ
776 4177 853 4261 πλὴν
869 4121 1186 4266 Δωροῖμουκδδίδιλε,

233 4269 297 4332 Καὶ
317 4266 453 4343 τίκτονες
473 4262 658 4351 εὐπαλάμων
679 4263 795 4345 ὕμνων·
824 4261 921 4341 οὕτως
940 4263 1075 4349 ἤνθησεν
1096 4265 1216 4343 διαίτας.
