2768 4770
332 224 392 293 DE
413 224 558 303 anulo.
579 224 1061 307 summasunmna.
1217 233 1282 307 289

93 397 229 469 ‘wcihus
250 415 312 459 non
337 394 439 484 paucis
461 394 514 459 alii
540 394 599 460 sihi
618 394 818 482 permiserant
836 403 959 486 poetae,
985 397 1017 465 id
1037 399 1069 464 in
1090 398 1147 464 hac
1165 397 1281 467 Phere-

102 490 206 551 crates
226 480 347 561 fecerit,
377 479 464 545 metri
489 482 664 568 praesertim
685 479 756 566 lege
776 480 858 546 illam
879 481 1027 548 licentiam
1048 492 1209 550 excusante
1231 495 1281 551 aut

102 569 196 637 otiam
217 565 258 630 fla
281 565 382 629 tante.
403 564 502 650 Atque
524 563 628 628 eadem
651 565 734 629 verbi
754 565 851 631 forma
872 588 944 633 usus
966 575 1031 633 erat
1051 570 1139 634 etiam
1160 570 1280 659 Euripi-

88 652 159 721 *dcs
181 653 213 717 iu
268 672 297 738 up
318 650 399 735 olyto
420 670 450 713 v.
472 649 556 715 1197
577 671 631 736 sup
652 649 697 713 ari
723 649 788 714 sere
811 658 922 716 aetate:
953 674 1048 739 neque
1077 654 1154 718 euim
1176 676 1280 720 assen-

86 732 166 804 'i'ior
187 735 267 802 Guil.
288 671 465 817 Aindoma,
497 734 547 818 qui
572 733 605 798 in
625 670 729 799 draci.
749 733 835 800 Poet.
858 734 947 802 Scen.
989 737 1116 804 .xx11.
1136 739 1193 803 hoc
1213 761 1279 804 cor·

84 824 211 915 “rigere
231 819 339 885 voluit:
364 818 431 902 Τὴν
451 815 530 882 addai
544 814 683 902 Ἄργους.
704 817 748 883 At
768 840 840 884 vero
863 821 951 886 talem
967 758 1089 904 liiatum,
1112 823 1279 907 quivastis·

101 908 182 975 sime
217 926 251 970 os
278 903 405 986 diducit,
446 923 508 967 non
542 923 615 967 sanc
648 923 741 987 aequo
775 903 913 970 tulissent
940 905 1038 970 auimo
1064 907 1279 991 Athenienses,

100 1006 103 1011 '
156 994 229 1056 ¹rum
258 1009 345 1055 aures
375 994 486 1052 teretes
513 986 651 1073 quidquid
679 1009 816 1076 asperum
843 996 894 1054 aut
913 989 1055 1056 incultum
1077 999 1141 1056 erat
1160 993 1278 1094 repudi·

144 1083 301 1142 aulanam
322 1072 399 1160 qnod
411 1071 518 1138 Cicero
530 1072 600 1137 dicit
620 1072 653 1136 in
665 1071 792 1138 Oratore
813 1075 872 1139 c.8
893 1073 930 1139 de
940 1074 1169 1142 Atheniensium
1190 1101 1223 1142 m
1247 1101 1279 1142 e·

102 1161 173 1227 niue
215 1179 364 1244 „quorum
391 1178 509 1245 semper
533 1157 592 1222 fuit
617 1155 747 1245 prudens
774 1157 979 1244 sincerumque
1006 1160 1161 1244 iudicium,
1202 1184 1234 1226 m
1257 1163 1279 1228 'l

92 1246 140 1312 'ut
158 1250 281 1334 possent
301 1243 362 1307 uisi
382 1242 582 1332 incorruptum
603 1241 705 1307 audire
718 1249 749 1307 et
769 1242 907 1331 elegans:
929 1265 1030 1310 eorum
1051 1246 1192 1333 religioni
1213 1269 1279 1314 cum

103 1329 236 1400 minet
262 1335 362 1393 orator
388 1326 501 1391 nullum
526 1327 649 1392 verhum
676 1326 830 1410 insoleus,
872 1328 985 1394 nullum
1013 1329 1146 1395 odiosum
1166 1352 1278 1420 ponere

101 1414 253 1482 εἶειῑεῖῖεῖέι
274 1412 306 1478 id
327 1412 514 1477 verissimum
536 1414 597 1493 est,
615 1431 710 1509 neque
732 1418 830 1476 tamen
851 1412 884 1477 in
905 1420 1038 1480 oratores
1060 1416 1169 1504 magis,
1192 1437 1278 1501 quam

102 1498 139 1567 in
225 1505 270 1563 tas
301 1496 393 1562 cadit:
435 1497 533 1596 itaque
560 1495 764 1561 Athemenscs
790 1495 840 1561 vel
871 1497 899 1562 si
925 1499 961 1562 ah
988 1499 1134 1565 histrione
1160 1499 1279 1586 aliquod

103 1604 180 1657 roca
201 1583 280 1648 ulum
307 1588 387 1646 esset
414 1580 535 1646 horride
561 1581 781 1669 pronuntiatum
808 1580 998 1647 offenderunt
1029 1585 1170 1670 illumque
1196 1586 1278 1651 ocius

103 1668 220 1736 auferri
252 1667 419 1732 iusserunt:
451 1665 536 1730 testis
572 1671 619 1729 est
646 1663 856 1750 Hegelochus,
891 1667 1081 1734 acerbissime
1114 1691 1132 1733 a
1159 1671 1277 1735 comicis

101 1753 201 1845 poetis
220 1757 368 1834 notatus,
410 1772 475 1815 cum
507 1748 606 1839 paullo
631 1749 773 1848 pinguius
799 1748 966 1837 prolocutus
994 1759 1075 1817 esset
1104 1754 1278 1820 vocabulum

103 1836 233 1924 aliquod.
274 1836 344 1900 Non
371 1836 465 1923 igitur
491 1833 580 1899 credo
600 1831 773 1921 Euriprdem
800 1834 1004 1916 commisisse,
1037 1842 1069 1900 ut
1085 1836 1278 1918 „intolerabili

103 1922 189 1989 hiatu
208 1919 288 1986 coeo
302 1919 431 2005 Ἄργους
452 1940 540 1984 aures
560 1917 694 1983 laederet
714 1916 855 1983 omnium:
877 1940 980 1984 verum
1001 1920 1104 1985 maluit
1118 1921 1171 1986 ille
1191 1923 1278 1987 verhi

101 2006 202 2075 forma
222 2005 371 2091 aliquanto
392 2003 585 2069 insolentiore
606 2003 659 2068 uti.
678 2002 783 2089 Neque
799 2009 846 2067 est
863 2002 937 2072 adeo
954 2003 1106 2088 insolens,
1127 2012 1156 2089 at
1176 2027 1213 2071 ue
1231 2007 1278 2074 illi

84 2116 87 2123 ·
101 2090 223 2175 uolunt:
234 2089 431 2165 itaPindarus
441 2083 560 2174 quoquex
566 2087 642 2153 dixit
653 2083 750 2175 εὗθὸς
761 2099 854 2153 recta
866 2095 935 2172 oia,
944 2088 1134 2158 inlsthmicls
1208 2089 1276 2158 Al:

186 2170 307 2240 Ἰόετων
328 2174 359 2239 d'
384 2175 414 2249 ἐς
435 2174 573 2283 ἄρθιτον
595 2170 707 2259 ἄντρον
727 2171 824 2250 εὐθὺς
1148 2199 1155 2207 ·

84 2266 87 2340 j
189 2261 347 2346 Χείρωνος
368 2258 456 2323 adsis
494 2256 638 2342 ἀγγελίαι.

101 2340 203 2422 ὠθεῖς
222 2346 301 2411 enim
323 2344 408 2427 dixit,
430 2344 565 2429 quoniam
586 2342 621 2408 in
641 2345 774 2407 extremo
793 2361 884 2406 uersu
905 2363 961 2408 sua
980 2341 1026 2408 'us
1047 2342 1085 2410 ad
1097 2348 1185 2411 aures
1200 2344 1278 2410 acci·

101 2429 159 2514 dit,
179 2425 373 2581 qpameddd:
395 2450 467 2493 cave
487 2433 584 2493 autem
600 2425 804 2514 interpreteris
813 2426 870 2492 hoc
879 2426 945 2492 loco
960 2449 977 2490 e
992 2429 1086 2504 atim,
1107 2438 1275 2493 continuo:

95 2514 191 2672 ἔρρε
201 2522 242 2667 dl
260 2513 291 2580 id
305 2514 411 2664 lldlnl
411 2511 513 2666 pugg
520 2511 710 2636 subsequitur
721 2508 848 2576 cdrlncz
871 2517 901 2576 et
921 2532 1044 2602 prorsus
1065 2512 1168 2581 eodem
1189 2514 1276 2582 modo

107 2755 111 2760 ,
192 2751 194 2756 ,
244 2757 245 2760 ¹
337 2677 429 2763 Τάχα
450 2680 482 2745 δ’
506 2678 603 2756 addis
624 2677 679 2745 iulo
699 2675 851 2766 σφετέρας

84 2846 87 2855 .
112 2836 126 2842 ,,
186 2762 325 2852 Ἐστᾶθη
382 2763 469 2850 ώμας
490 2758 696 2850 ἀταρβάκτοιο
718 2760 911 2850 πειρώμενος.

99 2848 160 2927 De,
182 2851 295 2919 duobus
329 2792 397 2917 aide
428 2851 502 2916 locis
527 2850 655 2916 Pindari
684 2849 803 2940 Olymp.
827 2848 914 2914 Xlll.
933 2846 978 2914 86
1008 2852 1041 2914 et
1064 2846 1153 2916 Nono
1171 2848 1210 2920 V.
1230 2851 1275 2918 33

95 2937 219 3026 ambigi
237 2936 318 3020 licet,
338 2935 481 3023 quomodo
502 2936 563 3001 sint
583 2932 773 3024 explanandi.
803 2932 852 2998 Ea
872 2939 969 2998 autem
989 2930 1178 3017 documenta,
1200 2955 1274 3021 quae

100 3022 281 3103 Diodorfius
303 3021 341 3087 ad
362 3020 563 3088 excusandum
582 3020 693 3084 hiatum
734 3018 851 3100 rotulit,
872 3017 948 3082 nihil
969 3017 1084 3084 valam:
1116 3040 1186 3084 nam
1206 3018 1275 3083 An·

100 3106 221 3199 tiphuni
246 3105 362 3194 quidem
384 3107 446 3256 (ap
465 3105 654 3170 Athenaeum
719 3149 729 3170 .
743 3124 778 3252 p.
798 3102 865 3169 2³8
882 3101 937 3187 Ε.)
965 3101 1081 3168 mediae
1105 3101 1273 3170 comoediae

101 3193 220 3283 poetae,
241 3192 290 3256 cui
309 3191 404 3257 maior
436 3191 544 3256 ‘centia
563 3209 724 3270 concessa,
767 3188 826 3252 cuit
846 3186 960 3252 dicere:

186 3273 254 3358 Οὖχ
273 3272 351 3359 ἡδύς
372 3276 441 3359 ἐμοὶ
460 3275 517 3358 μέν
536 3272 613 3356 μετὰ
632 3272 669 3339 τὸ
690 3277 830 3338 πλουτεῖν
851 3268 935 3336 tetre
957 3293 1001 3334 ov.

121 3360 181 3428 uod
202 3362 275 3426 satis
296 3361 386 3425 hahet
407 3359 624 3441 excusationis,
652 3379 717 3424 oum
742 3357 786 3422 ihi
804 3376 866 3420 vox
885 3377 924 3445 pa
956 3356 1036 3443 'sper
1056 3350 1211 3421 subsistat:
1242 3359 1274 3422 at

100 3381 279 3515 Archilochi
304 3466 411 3511 versus
437 3443 513 3535 apud
539 3443 698 3509 Stohaeum
723 3440 791 3509 CX.
812 3442 873 3506 10:
915 3448 996 3504 τοῖσι
1022 3433 1054 3503 δ’
1076 3430 1179 3594 {1de
1200 3435 1273 3527 ὅρος

100 3530 153 3598 rel
173 3532 211 3597 oh
233 3529 308 3596 alias
329 3552 434 3595 causas
454 3551 509 3616 pro
529 3534 666 3619 corrupto
686 3533 734 3594 est
751 3524 916 3592 habendus.
936 3522 1125 3614 Empedoclis
1166 3526 1273 3614 eoique

101 3635 210 3684 rmus
232 3616 296 3682 158
316 3615 363 3681 ed.
384 3614 488 3681 Stura:
989 3652 1007 3692 3

183 3698 258 3777 Ὀξι)
279 3697 311 3763 δ’
335 3697 384 3764 ἐπ’
409 3697 469 3776 ὀξεῖ’
485 3695 552 3781 ἒβη,
572 3694 691 3782 θερμὸν
710 3692 744 3759 δ’
768 3689 1067 3782 coaptareque.
1105 3708 1113 3737 s
1230 3753 1233 3758 .

101 3784 137 3858 in,
155 3785 332 3877 philosopho
346 3790 415 3850 vate
435 3784 511 3849 ferri
530 3788 637 3873 potest,
658 3781 709 3870 qui
729 3784 904 3868 argumento
924 3778 1108 3869 potissimum
1127 3775 1270 3862 intentus,
1314 3834 1316 3837 ,

102 3871 201 3939 minus
228 3879 383 3936 externam
408 3869 536 3959 speciem
563 3872 657 3933 curat:
691 3887 792 3932 verum
823 3863 911 3930 lectio
940 3863 1022 3929 illius
1047 3881 1154 3928 uersus
1180 3862 1269 3929 nimis

104 3961 150 4023 est
169 3956 301 4038 incerta,
343 3975 409 4020 cum
429 3953 508 4043 apud
526 3951 719 4021 Plutarchum
739 3948 879 4040 Sympos.
900 3948 1022 4025 Quaest.
1041 3945 1097 4017 IV.
1117 3951 1137 4013 1
1158 3968 1270 4036 magua

103 4040 263 4111 diversitas
282 4040 459 4129 reperiatur.

186 4123 292 4213 Magis
318 4132 414 4190 annm
439 4122 477 4189 ah
503 4119 670 4189 Atticorum
702 4115 913 4185 consuetudine
945 4116 1086 4182 abhorret
1111 4109 1171 4178 alia
1196 4133 1268 4196 vox,

103 4231 161 4299 quo
179 4209 391 4278 Pherecratem
410 4209 444 4274 iu
463 4208 521 4274 hac
540 4205 644 4274 fabula
664 4224 748 4271 osum
768 4223 837 4269 esse
857 4223 893 4270 ar
934 4202 959 4267 it
977 4200 1139 4265 Erotianus
1158 4219 1189 4287 p.
1208 4198 1268 4265 ὅθι

99 4290 220 4386 ‘wolde
239 4289 356 4401 ἡσυχῆ,
380 4296 514 4382 μικρῶς,
538 4288 582 4371 ὥς
601 4291 654 4362 sol
676 4284 871 4377 Φερεκράτης
911 4287 1180 4454 rMarqlgedow·
1209 4289 1270 4367 ¹est
