2768 4770
330 199 389 271 DE
410 199 553 277 anolo
574 195 1054 282 cohonestatum.
1208 196 1273 275 m

104 373 173 439 aevi
195 370 369 460 scriptores:
401 370 445 435 ita
464 365 608 519 κυνάρρν
625 368 705 435 dixit
717 367 855 436 'Aicmus
881 368 1025 453 muricus,
1049 368 1111 436 vio
1131 365 1275 438 Antiatti-

104 459 182 524 cista
202 455 339 521 Bekkeri
360 454 403 523 Τ.
422 455 448 519 Ι.
490 456 538 520 .1
585 456 671 536 ,3οε
693 453 852 538 Κυνάριον
872 452 909 521 οὔ
928 451 1025 534 μόνον
1045 454 1186 521 κυνίδιον.
1204 453 1276 518 Ἀλ-

104 553 193 617 καῖος
214 537 358 622 κωμικός.
400 548 431 604 et
484 539 628 605 imotheus
655 540 781 609 comicus
810 546 896 628 poeta
923 540 979 607 hoe
998 540 1117 606 nomine
1144 540 1275 607 fabulam

104 626 273 716 inscripsit,
296 626 353 690 vid.
364 624 538 690 Athenaeus
559 622 613 692 Vl.
634 646 663 713 p.
683 623 809 690 adol).
842 623 883 691 Et
902 624 989 689 Plato
1011 646 1123 710 quoque
1164 625 1276 690 hiloso-

104 714 198 802 phus,
219 711 350 797 quinon
372 731 487 798 semper
508 709 583 787 lacto
604 709 751 779 sermonis
772 709 1012 797 generentur,
1034 711 1067 777 iu
1088 645 1276 796 Euthydemus

127 846 135 862 .
157 797 221 862 298
241 795 281 861 Ι).
303 795 426 859 eandem
446 794 570 861 formam
592 793 723 875 admisit,
745 803 775 859 et
794 802 898 882 postea
917 794 1017 875 multi,
1038 794 1081 860 uti
1101 795 1276 862 Athenaeus

104 819 176 949 hil.
198 903 227 970 p.
248 881 312 949 518
333 879 378 947 F:
421 875 550 964 κυνάρια
572 881 743 961 Μελιταῖα,
769 879 822 944 sod
843 879 925 948 inira
945 901 973 968 p.
994 881 1058 946 519
1080 878 1122 944 B:
1153 877 1276 964 ἔχαιρον

103 975 170 1042 τοῖς
191 964 373 1039 Μελιταίοις
394 965 537 1038 κυνιδίοις
558 962 642 1028 dixit.
663 964 854 1115 Antipniores
877 985 948 1034 vero
969 964 1069 1033 comici
1086 971 1194 1053 poetae
1215 986 1277 1031 non

104 1059 217 1117 munere
242 1051 290 1114 his
319 1049 422 1113 faronis
444 1050 491 1113 usi
518 1055 601 1131 sunt,
632 1055 710 1114 certe
762 1049 817 1113 rist
855 1048 948 1115 hanes
968 1048 1000 1115 in
1021 1047 1086 1116 Bab
1110 1049 1214 1130 hniis,
1244 1057 1278 1113 ut
1360 1088 1376 1099 κ

103 1137 207 1202 nescio
228 1156 313 1246 poem
334 1134 454 1215 rideret,
476 1133 547 1197 talia
566 1133 775 1282 frepueutauit,
796 1134 826 1199 vi
846 1181 855 1199 .
876 1133 1054 1199 Aristoteles
1106 1134 1200 1201 hetor.
1220 1133 1277 1198 111.

103 1224 141 1302 2,
162 1222 217 1286 15:
248 1222 325 1285 Εστι
346 1219 380 1282 δὲ
402 1217 418 1283 ὃ
440 1218 611 1301 ιλποκορισμ
632 1244 657 1296 ς,
680 1216 714 1293 ὃς
733 1216 862 1287 ἔλαττον
882 1227 965 1284 ποιεῖ
981 1220 1031 1285 καί
1053 1217 1089 1284 τὸ
1110 1218 1205 1282 κακὸν
1224 1221 1276 1284 καλ

102 1304 142 1371 τὸ
163 1303 297 1390 ἀγαθόν,
325 1300 425 1388 ὥσπερ
447 1305 498 1370 καὶ
512 1300 737 1390 Ἀριστοφάνης
763 1302 894 1371 σκώπτει
920 1305 953 1372 ἓν
981 1311 1045 1380 τοῖς
1065 1304 1278 1384 Βαβυλωνίοις

104 1389 175 1455 ἀντὶ
204 1390 262 1471 μὲν
284 1392 413 1473 χρυσίου
431 1387 645 1473 χρυσιδάριον,
680 1388 747 1453 ἀντὶ
769 1389 801 1454 δ’
825 1389 949 1468 ἷματίου
970 1384 1178 1473 λματιδάριον,
1207 1387 1276 1453 desi

104 1475 142 1542 δὲ
161 1475 316 1556 λοιδορίας
337 1471 573 1558 λοιδορημάτιον
594 1476 646 1540 καλ
667 1469 861 1555 νοσημάτων·
882 1473 1083 1554 εὐλαβεῖσθαι
1105 1473 1139 1540 dd
1159 1475 1210 1537 δεῖ
1224 1474 1277 1536 καλ

102 1558 708 1727 ss“scithicotooo‘t.
718 1554 1280 1713 collossense

101 1729 238 1799 tensos
260 1727 414 1814 ποορ...
433 1728 496 1794 ιιι.
518 1727 573 1792 m.
593 1727 742 1810 xxxin
771 1728 824 1793 ιιι
845 1729 979 1795 πω...
999 1692 1070 1794 oio
1090 1725 1213 1806 xvnr,
1234 1729 1279 1794 ιιι

104 1815 196 1881 etiam
216 1814 338 1904 Eupolis
360 1814 436 1901 apud
458 1812 654 1881 Scholiastam
675 1813 830 1902 Aristoph.
851 1811 911 1878 Av.
934 1813 1033 1892 12973
1061 1819 1092 1878 st
1112 1810 1279 1896 ιἰνδράριον

103 1898 322 1988 Aristophanes
342 1899 419 1965 dixit
438 1899 470 1965 iu
493 1898 736 1964 Acharneusihus
756 1918 786 1964 r.
803 1900 883 1982 517,
924 1897 980 1969 sed
999 1897 1043 1964 ihi
1061 1897 1225 1990 aptissime,
1246 1904 1279 1963 ut

103 1984 235 2055 virorum
255 1984 439 2132 popularium
460 1983 632 2072 pravitatem
654 1989 785 2050 notaret:

188 2066 259 2135 Ἀλλ
318 2067 447 2154 νδράρια
466 2063 632 2175 μοχθηρά,
654 2066 922 2176 παρακεκομμένα,

186 2151 298 2235 Ἄτιμα
319 2158 370 2218 καὶ
391 2177 562 2238 παρασημα
583 2154 635 2216 καί
657 2155 823 2238 παραξενα.
956 2203 959 2207 .

105 2235 233 2328 Eupolis
255 2260 327 2304 vero
349 2239 424 2327 apud
446 2236 633 2303 Eustathium
654 2238 693 2303 ad
714 2238 824 2387 Odpss.
845 2260 875 2331 p.
894 2238 996 2325 1680,
1016 2241 1060 2308 29
1079 2240 1170 2310 disits

188 2318 229 2387 Ὠ
252 2320 388 2404 δαιμόνι’
412 2322 548 2407 ἀνδρῶν,
569 2322 613 2404 μὴ
636 2327 755 2408 φθονερ
775 2349 792 2386 ν
812 2322 884 2390 ἴσθ’
908 2321 1042 2408 ἀνδρίαν.

104 2407 189 2482 Quos
210 2407 428 2501 Aristophanes
449 2407 481 2471 in
502 2407 583 2472 Pace
606 2429 633 2471 v.
645 2409 709 2474 363
731 2405 895 2491 ἀνθρώπια
915 2416 1011 2492 vocat,
1033 2417 1063 2475 et
1082 2411 1152 2477 ibid.
1173 2413 1278 2479 vost

102 2491 356 2578 ἀνθρωπίσκους,
390 2513 442 2557 eos
472 2487 678 2578 ἀνθρωπάρια
706 2491 972 2559 δίαἱίΑίΙιοιιαοοε
997 2494 1067 2564 ΧΙΙ.
1094 2517 1124 2584 p.
1144 2497 1210 2564 518
1239 2498 1278 2563 Ε.

102 2577 241 2666 Apparet
262 2600 301 2643 ex
322 2578 381 2660 his,
403 2577 538 2642 etiamsi
559 2597 620 2640 uon
636 2577 734 2641 omnia
755 2578 791 2641 ah
812 2577 976 2643 Atticorum
995 2581 1205 2647 consuetudine
1227 2584 1280 2647 ab·

102 2661 264 2745 horreant,
286 2662 510 2812 Theopompum
537 2661 633 2726 minus
659 2661 833 2750 locupletem
854 2665 921 2750 puri
942 2670 972 2729 et
997 2663 1109 2752 integri
1131 2669 1277 2733 sermonis

103 2754 254 2812 auctorem
275 2769 353 2812 esse.
395 2746 437 2811 Sc
478 2746 570 2812 missa
594 2747 655 2811 ista
680 2745 892 2835 disputatione,
923 2769 997 2812 sono
1023 2749 1049 2813 si
1072 2749 1136 2834 quis
1162 2752 1195 2815 in
1221 2753 1278 2817 hoc

104 2831 296 2920 Theopompi
317 2833 390 2899 loco
403 2838 519 2896 tueatur
538 2832 669 2914 γεμίσω,
690 2831 815 2897 formam
836 2833 933 2897 minus
955 2829 1087 2916 atheum,
1109 2856 1169 2902 non
1189 2857 1279 2925 repu·
1300 2861 1303 2865 ¹

152 2936 185 2981 o:
226 2938 295 2982 nans
321 2916 408 2981 ctiam
437 2918 469 2982 iu
491 2915 642 3004 Cauponis
669 2916 847 2983 simillimam
872 2918 1026 3007 usurpavit
1050 2920 1192 3005 formam,
1219 2921 1278 2992 vid.

105 2935 335 3073 &madum
355 3000 494 3066 Bekkeri
514 3000 556 3066 T.
576 3001 603 3066 I.
623 3023 653 3090 p.
674 2999 749 3084 461,
771 3003 828 3068 19:

310 3082 499 3165 Κολάσομαί
517 3084 549 3149 o'
574 3085 632 3172 lyd

193 3171 258 3233 Kal
279 3168 332 3234 τὸν
354 3168 409 3234 σὸν
422 3168 544 3253 ’Άττηνι

105 3255 173 3320 sive
186 3251 288 3318 Ἄττιν
308 3256 408 3320 maiis:
433 3255 525 3340 vulgo
551 3256 625 3320 haec
651 3256 726 3321 satis
746 3261 883 3344 corrupta
910 3253 1066 3357 leguntur:
1094 3254 1276 3344 κολάσομεν

105 3336 169 3404 ἴσω
189 3344 253 3402 κτλ.
276 3346 307 3404 at
325 3339 541 3429 Aristophanes
564 3362 604 3404 ex
624 3339 725 3405 Attico
746 3362 827 3405 more
848 3340 925 3406 dixit
945 3363 977 3405 ιιι
997 3341 1106 3437 Vespis
1126 3364 1157 3409 v.
1178 3344 1256 3411 243:

184 3422 289 3487 Ἥκειν
309 3423 434 3505 ἔχοντας
454 3420 576 3507 ἡμερῶν
597 3423 691 3510 ὀργὴν
710 3431 804 3507 τριῶν
825 3423 961 3511 πονηράν

189 3507 259 3570 Ἐπ’
284 3507 379 3572 αὐτὸν
400 3506 442 3584 ὡς
463 3509 653 3589 κολωμένους
674 3499 717 3574 ὧν
736 3508 886 3593 ἠδίκηκεν.

104 3593 263 3660 Εἰοοιιιοδί
289 3602 384 3661 autem
411 3595 507 3659 forma
532 3595 588 3661 hoc
619 3595 717 3660 minus
747 3593 908 3660 offensioni
932 3601 980 3659 ost
1005 3595 1037 3659 iu
1063 3595 1194 3663 Nemeae
1220 3599 1279 3665 isto

105 3680 287 3766 fragmento,
309 3679 445 3764 quoniam
467 3679 509 3745 ihi
525 3679 607 3745 servi
626 3679 794 3765 loquuntur,
816 3700 888 3765 quos
909 3680 1007 3744 minus
1027 3689 1143 3770 puroet
1162 3682 1281 3751 liberali

106 3785 245 3834 sermone
267 3765 308 3827 uti
332 3772 559 3833 cousentaneum
580 3771 640 3830 est:
683 3773 769 3849 atque
791 3765 835 3833 sic
862 3765 949 3829 etiam
975 3768 1007 3830 in
1034 3772 1167 3832 extrema
1193 3778 1279 3858 parte

105 3849 195 3914 huius
221 3849 383 3936 fragmenti
409 3849 597 3936 reperiuntur
617 3870 691 3941 quae
712 3870 773 3914 uon
794 3850 867 3914 satis
889 3850 976 3915 attica
1002 3863 1088 3915 sunt:
1120 3852 1280 3922 ituantem

105 3933 181 3999 haec
204 3933 382 4021 corrigenda
403 3955 470 3998 esse
492 3954 616 4000 censeo:

192 4021 239 4084 A.
254 4015 308 4080 Ἴτ’
333 4015 532 4099 ἀσπάσωμαι.
575 4020 679 4104 Δεῦρο
699 4016 777 4102 παρ’
800 4017 855 4099 opi
878 4013 1028 4102 Θεολάτη,

195 4102 294 4187 Παρὰ
315 4101 457 4171 τδννίον
478 4102 655 4181 ξύνδουλον,
677 4099 780 4168 οὑτοσὶ
802 4108 904 4181 καλῶς

194 4191 281 4252 Πῖν.
326 4189 423 4253 ΘΕΟ.
448 4188 528 4273 Θὴρ
549 4185 683 4267 τάλας,
705 4193 842 4276 πειρᾷς
861 4212 916 4271 με.
957 4191 1003 4255 A.
1023 4190 1088 4256 Nol
1108 4190 1230 4258 τοιοῦτό
1250 4219 1280 4260 τι

194 4275 315 4338 Πσιιῖι.
360 4278 547 4350 materenses
568 4273 605 4340 δί
621 4295 672 4340 σοι
692 4274 875 4362 πρωιίομαε.
