2768 4770
257 208 318 276 DE
339 210 483 288 RELIQ.
504 210 693 280 COMOED.
712 211 982 289 ATT.“ANTIQ.
1141 216 1205 282 217

75 400 149 442 urus
185 378 217 441 in
251 385 366 443 antrum
398 378 606 460 descenderat,
637 400 731 465 neque
762 381 856 445 cibum
883 386 977 529 nappe
1004 402 1137 446 somnum
1163 381 1207 446 ibi

74 484 142 551 pere
163 464 309 551 potuisse:
338 484 405 527 nam
428 464 474 548 qui
497 463 567 527 illuc
588 463 761 529 descensuri
782 471 882 547 erant,
911 487 930 529 a
951 466 1099 530 undabant
1119 465 1207 554 larga

74 569 167 612 torum
195 549 294 636 copia,
320 548 380 612 vid.
401 547 569 612 Pausanias
595 547 649 614 IX.
670 549 723 630 39,
744 551 781 614 5:
809 548 951 613 Ἐπειδὰν
977 550 1063 633 ἀνδρὶ
1086 552 1128 625 εἰς
1149 556 1205 615 τοῦ

74 632 223 716 νοφωνίου
244 631 380 695 κατιίναι
402 629 504 716 δόξῃ,
519 638 627 715 πρῶτα
646 633 703 713 μὲν
729 635 918 718 τεταγμίνων
943 631 1065 719 ἣμερῶν
1085 637 1221 703 δίαιταν.

86 713 231 797 οίκήματι
259 715 339 797 ἕχει·
370 715 407 781 τὸ
438 719 472 780 δὲ
500 715 614 799 οίκημα
644 715 790 797 δαίμονός
816 744 848 783 τε
880 718 1004 802 ἀγαθοῦ
1034 722 1084 784 καί
1111 716 1206 801 τόχης

74 799 118 880 ιόν
137 804 219 865 ἐστιν
240 800 376 884 ἀγαθῆς·
398 798 595 881 διαιτῶμενός
616 827 649 866 τε
669 804 808 866 ἐνταῦθα
829 800 868 867 τό
890 829 921 867 τε
937 802 1015 866 ἄλλα
1039 803 1205 887 καθαρεύει

74 890 85 950 i
115 891 253 971 λουτρῶν
279 886 407 970 εἴργεται
428 891 567 968 θερμῶν
595 885 630 949 τὸ
659 888 692 950 δὲ
718 887 848 969 λουτρδν
875 885 891 953 ὃ
918 886 1057 968 ποταμός
1082 884 1205 972 ἐστινὴ

74 993 179 1052 ικυνα·
210 972 261 1033 καὶ
284 971 313 1033 οἲ
334 973 384 1034 καὶ
407 971 480 1052 κρία
502 967 631 1058 ι’ίφθοιό
651 973 733 1036 ἔστιν
753 971 814 1036 ἀπὸ
836 979 898 1038 τῶν
918 978 1046 1036 θυσιῶν.
1068 1011 1110 1022 -
1142 974 1218 1041 lam.

73 1077 108 1120 ro
128 1055 166 1119 ad
188 1054 312 1119 eundem
334 1057 568 1143 superstitiosum
589 1057 747 1139 hominem,
769 1059 874 1146 quippe
889 1058 938 1143 qui
959 1059 1080 1146 piscium
1111 1079 1205 1144 noque

74 1139 215 1206 orundam
239 1161 292 1206 usu
314 1140 499 1223 abstinuerit,
520 1142 671 1207 referendi
692 1149 761 1208 sunt
781 1142 838 1207 duo
859 1142 1009 1224 versiculi,
1030 1143 1079 1228 qui
1092 1080 1206 1231 iegun·

74 1247 83 1290 .·
106 1224 188 1372 ppud
208 1222 396 1290 Athenaeum
423 1225 493 1294 VII.
514 1248 543 1315 p·
564 1226 629 1293 325
649 1226 692 1291 Et
735 1231 891 1312 Κρατῖνος
918 1228 951 1292 δὲ
977 1229 1010 1292 ἐν
1033 1229 1205 1315 Τροφωνίῳ

83 1334 104 1375 ο
120 1330 154 1371 ν·
815 1327 816 1331 ’

74 1336 81 1392 Ι
125 1391 205 1458 Otu’
229 1390 379 1468 Αἰξωνίδ’
404 1389 605 1477 ἐρυθρόχρων
625 1391 804 1459 ἐσθίεινίτι
824 1396 957 1480 τρίγλην,

97 1477 200 1550 ΔΟὐδὲ
220 1475 366 1561 τρυγόνος
388 1477 459 1542 οἶδε’
480 1481 580 1542 δεινοῦ
602 1478 684 1563 φυὴν
699 1477 903 1561 μελανούρου.

74 1612 78 1628 .
97 1569 179 1627 τουτο
201 1561 584 1644 emendavitCasauhonus,
603 1565 786 1628 accusativus
799 1564 881 1648 φυὴν
897 1586 958 1630 ποτε
978 1573 1025 1630 est
1045 1587 1096 1630 sus
1117 1586 1208 1631 ensus

74 1649 169 1712 verbo
195 1647 327 1729 ἐσθίειν,
355 1647 408 1711 sed
430 1649 466 1711 ab
489 1649 546 1712 adi.
568 1645 677 1722 δεινόςι
705 1650 820 1712 ἐσθίειν
846 1651 924 1713 enim
946 1657 976 1714 et
997 1586 1157 1715 secontiam
1178 1658 1209 1716 et

74 1739 172 1805 ortum
199 1753 296 1796 casum
324 1732 475 1795 adsciscit:
509 1732 708 1797 Aexonenses
743 1742 839 1797 autam
872 1734 979 1820 trigies
1007 1735 1207 1800 nobilissimas

74 1817 134 1882 isse
147 1817 244 1965 dtestis
270 1826 317 1880 est
342 1817 430 1881 etiam
450 1817 643 1881 Nausicrates
671 1817 797 1880 comicus
829 1817 905 1905 apud
926 1815 1112 1884 Athenaeum
1140 1819 1208 1887 locu

74 1920 231 1969 3112less

143 1970 146 1977 Ι
328 1982 413 2050 Μετ’
438 1981 541 2048 αὐτῶν
561 1982 592 2047 δ’
617 1984 692 2050 sicia
712 1985 866 2065 ἐκπρεπεῖς
887 1979 980 2072 φόσιν

124 2070 171 2135 Ai
194 2073 421 2151 ξανθοχρῶτες,
447 2069 483 2145 ἃς
504 2065 807 2146 κλόδωνΑέξωνικδς

124 2157 247 2219 Πασῶν
263 2153 391 2239 ἀρίστας
411 2153 558 2230 ἐντόπους
578 2153 769 2218 παιδεύεται·

124 2235 189 2314 Ata
209 2241 260 2303 καὶ
282 2238 363 2303 θεῶν
379 2247 489 2320 τιμῶσι
511 2238 681 2326 φωσφόρον
702 2239 796 2321 κόρην

125 2325 268 2388 Δειπνεῖν
289 2321 363 2387 ὅταν
385 2326 524 2406 πέμπωσι
547 2326 633 2410 δῶρα
656 2327 803 2389 ναυτίλοι.

131 2411 266 2492 Τρίγλας
286 2410 389 2492 λίγεις.
502 2473 505 2476 Α
821 2470 823 2474 ,
1086 2461 1089 2469 ,

74 2494 161 2559 ratini
187 2509 305 2558 versum
336 2496 469 2582 respexit
495 2491 681 2579 Hesychius:
723 2492 881 2569 Αέξωνίδα
912 2493 1050 2577 τρίγλην·
1085 2495 1211 2560 δοκοῦσι

74 2575 202 2653 ἱλλισται
224 2574 298 2641 είναι
321 2578 353 2642 oti
374 2580 543 2652 Αίξωνικαὶ
565 2580 692 2661 τρίγλαι.
728 2577 778 2643 Ad
799 2577 924 2642 eundem
945 2578 1211 2645 huncscomoediae

74 2684 139 2728 ctam
164 2661 360 2737 revocandum
388 2683 494 2728 censeo
523 2661 610 2727 alium
633 2684 767 2745 versum,
796 2670 827 2727 ct
852 2683 1037 2727 numerorum
1064 2672 1094 2727 et
1120 2671 1211 2750 argu·

74 2748 136 2812 enti
161 2748 380 2812 slmilitudinem
407 2756 540 2828 secutus,
567 2748 699 2832 quamvis
730 2747 849 2812 tabulae
880 2768 985 2810 nomen
1014 2769 1074 2811 non
1099 2749 1139 2812 sit
1159 2747 1210 2812 ad·

74 2833 199 2922 riptum,
227 2853 274 2919 ap.
296 2832 405 2896 Athen.
431 2832 499 2902 Vll.
521 2853 550 2920 p.
571 2833 634 2897 305
655 2831 698 2896 B:
737 2834 852 2914 Κίχλαι
882 2833 931 2894 καὶ
958 2827 1124 2918 κόσσυφοι·
1158 2832 1212 2895 διδ

74 2917 154 3015 πλη
165 2931 294 2998 Ἀττικοὶ
322 2935 427 3015 κίχλην
448 2932 568 3016 λίγουσι
593 2933 645 2994 καὶ
672 2927 689 2995 ὃ
710 2927 800 3017 λόγος
827 2929 924 3008 οὕτως
950 2930 1009 3014 ἔχει
1030 2969 1072 2982 -
1099 2928 1212 3013 δμοίως

74 3010 101 3081 ir
122 3019 172 3081 aui
199 3019 315 3100 τρίγλη
358 3021 528 3099 Κρατῖνος·

135 3102 250 3185 Τρίγλη
272 3102 292 3165 δ’
325 3101 349 3164 εἰ
370 3103 426 3182 μὲν
446 3101 607 3183 ἐδηδοκοίη
627 3099 740 3165 τίνθου
761 3099 842 3176 τινὸς
863 3100 984 3182 ἀνδρός.

74 3207 177 3251 ausam
204 3199 299 3250 autem
328 3185 468 3251 Cratinus
498 3186 615 3252 videtur
644 3186 792 3268 indicare,
824 3208 877 3250 cur
903 3186 960 3249 isto
991 3183 1213 3272 superstitiosus

74 3276 137 3336 tmo'
162 3271 261 3358 triglis
283 3292 394 3357 quoque
416 3271 577 3353 abstineat,
624 3270 653 3334 ui
673 3292 709 3358 pe
737 3291 811 3355 quae
837 3271 976 3334 carnibus
1007 3268 1141 3353 humanis
1162 3292 1214 3335 ve·

74 3362 190 3435 antur3
225 3358 362 3428 conseras
389 3354 576 3421 Athenaeum
601 3291 672 3422 ili
698 3377 727 3443 p.
748 3354 813 3420 324
834 3353 881 3418 E:
906 3352 992 3418 ’Ἐστι
1020 3354 1053 3416 δὲ
1079 3354 1213 3441 (τρίγλη)

74 3439 281 3524 τρχαρόδους,
297 3440 563 3524 συναγελαστικός,
586 3436 817 3515 παντόστικτος,
838 3435 881 3501 ἐτι
903 3439 937 3503 δέ
957 3440 1165 3524 σαρκοφάγος.

133 3522 184 3590 Ad
214 3525 419 3614 Trophonium
444 3525 615 3590 Runkelios
650 3526 715 3589 iuro
748 3523 850 3589 retulit
882 3531 1093 3611 anapaestum,'
1130 3545 1216 3610 quom

74 3631 93 3674 .c
121 3609 296 3698 simpliciter
322 3632 360 3675 ex
383 3609 507 3675 Cratino
534 3609 623 3674 affert
649 3609 833 3697 Hephaestio
862 3629 890 3696 p.
911 3609 969 3674 δότ
1000 3609 1155 3691 Κέκληται
1183 3609 1217 3675 δέ

74 3691 306 3778 Γριστοφιίνειον,
329 3693 385 3758 οὐκ
401 3691 642 3780 Ἀριστοφάνους
662 3692 740 3758 atat
762 3689 904 3779 εὑρόντος
923 3688 1061 3777 πρῶτον,
1081 3695 1144 3758 ἐπεὶ
1165 3696 1216 3757 καὶ

73 3778 135 3864 apti
156 3779 302 3866 Κρατίνῳ
325 3781 404 3843 ἐστί·
808 3830 812 3837 .
935 3783 939 3789 ’

135 3866 268 3946 Χαίρετε
289 3865 446 3944 δαίμονες,
469 3862 503 3927 oi
517 3858 696 3943 Λεβάδειαν
716 3856 866 3926 Βοιώτιον
880 3853 990 3947 οὖθαρ
1013 3859 1158 3946 ῶροόρης.

74 3948 172 4014 horus
205 3950 283 4013 enim
318 3949 436 4013 videtur
470 3949 608 4013 invocare
644 3947 851 4036 Trophonium
882 3954 924 4033 ¹et
962 3948 1092 4056 reliquos
1126 3947 1216 4031 deos,
1244 3965 1245 3968 ’

74 4033 100 4097 ui
121 4055 182 4097 una
203 4033 390 4115 colebantur,
410 4032 470 4098 vid.
492 4034 623 4097 Pausan.
644 4032 805 4113 thama:
830 4027 905 4096 Θόει
925 4032 984 4117 γὰρ
1006 4034 1045 4114 δη
1067 4029 1218 4106 ὁκατιιδν

74 4116 1055 4286 tttttaitttitttthi-'tttsstthath
1075 4117 1159 4286 iiii
1185 4120 1219 4266 2}

74 4287 159 4374 νιόγη
186 4289 235 4350 καί
257 4284 416 4372 Δήμητρι,
445 4265 485 4370 ἢνι
511 4281 746 4366 ἐπονομάζοντες
771 4282 925 4371 Εδρῶπην
949 4291 1006 4352 τοῦ
1036 4266 1220 4373 Τροφῶνίου
