2768 4770
334 241 393 307 DE
416 240 895 316 RELIC'JCOMOEDAETT.
917 244 1063 321 naulo.
1214 249 1279 316 355

206 452 209 459 ·
302 413 305 419 ’
385 408 523 474 Ὀὐδὲν
540 415 691 494 μουσικῆς
711 411 876 492 ἐπίσταμαι

186 494 284 576 -Πλὴν
303 493 503 578 γραμμάτων.

100 580 237 647 Prorsus
265 586 297 643 ut
319 579 553 689 Aristophaneus
583 579 635 644 ille
656 575 894 663 ἀλλαντοπώλης
919 582 952 647 in
972 581 1129 668 Equitibus
1150 607 1179 650 v.
1200 586 1278 651 188:

128 666 132 673 ’
187 663 284 743 Ἀλλ’,
307 656 424 748 ω’γάθι
438 713 447 742 ,
471 663 542 728 οὐδὲ
561 663 711 746 μουσικὴν
732 664 897 745 ίπίσταμαι
993 706 997 713 -
1072 704 1075 711 -
1201 692 1203 696 ’

191 748 285 831 Πλὴν
304 746 509 833 γραμμάτων,
524 751 580 812 καλ
602 754 701 829 ταῦτα
717 750 825 830 μέντοι
846 748 927 813 κακά
948 756 1059 827 κακῶς.

101 833 157 901 Ex
179 834 281 899 eadem
309 833 442 898 oratione
462 834 494 899 Η
555 834 631 898 rboli
651 833 724 898 illud
746 854 859 919 quoque
879 837 1080 924 fragmentum
1100 804 1280 990 depromtum

102 925 171 1001 est,
209 918 284 1004 quod
318 919 430 1006 legitur
461 941 517 982 au
564 917 762 983 Scholiastam
788 918 925 985 Platonis
950 941 981 1010 p.
1000 923 1086 1003 3793
1114 944 1153 989 c.
1179 922 1280 989 Bekk.

92 999 253 1070 'Anecdot
275 1002 317 1067 Τ,
338 1003 364 1067 l.
383 1026 414 1092 p.
435 941 515 1086 lod,
537 1005 594 1069 13:

194 1089 259 1152 Kal
279 1083 370 1151 πόλλ’
395 1087 516 1166 ἔμαθον
536 1086 568 1151 lv
588 1094 667 1151 τοῖσι
688 1089 837 1171 κουρείοις
856 1087 915 1171 ἐγὼ

187 1168 324 1248 Ἀτόπως
344 1175 493 1250 καθίζων,
514 1171 606 1237 κοιίὂέ
625 1169 797 1254 γιγνώσκειν
818 1174 927 1238 δοκῶν.

103 1257 156 1322 lta
182 1258 368 1323 scribendum
396 1257 514 1322 videtur
559 1278 594 1322 ro
620 1257 670 1320 vul
694 1264 742 1322 ata
772 1257 900 1322 lectione
933 1259 984 1321 καλ
1011 1255 1104 1323 πάλλ’
1127 1258 1225 1343 ἀγάθ’
1249 1263 1280 1324 ἐν

103 1350 183 1418 τοῖς.
225 1342 290 1406 lllis
317 1344 395 1406 euim
426 1342 499 1407 locis
525 1279 733 1431 llyperbolus,
770 1350 802 1406 ut
832 1350 898 1407 erat
921 1343 1009 1408 bomo
1035 1345 1155 1410 infimae
1182 1346 1282 1427 sortis,

105 1426 254 1513 quandam
270 1427 459 1514 prudentiam
480 1434 567 1512 atque
588 1427 783 1511 eloquentiam
803 1428 863 1492 sibi
884 1437 1114 1517 comparaverat
1189 1443 1192 1447 ’

196 1510 326 1576 Comites
354 1533 424 1576 suos
444 1511 636 1600 Hyperbolus
658 1512 806 1576 dimisisse
827 1512 960 1594 videtur,
995 1524 1027 1578 ut
1047 1514 1173 1602 aliquem
1195 1537 1283 1601 quae-

105 1603 213 1662 rerent
233 1603 294 1660 tota
315 1597 404 1676 urbe3
425 1596 471 1661 illi
491 1597 649 1661 redeuutes
669 1596 748 1660 hunc
768 1606 896 1660 versum
909 1598 1023 1662 dicunt:

195 1679 412 1764 Περιήλθομεν
433 1683 483 1744 καὶ
505 1686 604 1766 φῦλον
626 1676 888 1765 άμφορεαφάρων.
1314 1752 1318 1757 ,

109 1787 196 1853 quem
217 1787 351 1847 versum,
395 1788 459 1830 cum
481 1764 557 1853 apud
577 1763 700 1830 Suidam
721 1785 750 1829 v.
766 1761 1024 1850 Ἀμφορεαφὸρος
1044 1774 1180 1855 corrupte
1200 1767 1284 1854 lege-

106 1857 207 1915 retur:
249 1847 384 1927 Εάπολις
410 1854 558 1938 Μαρικᾷ·
602 1851 669 1912 Καὶ
695 1848 902 1934 περιήλθομεν
934 1852 984 1922 καὶ
1018 1852 1109 1935 φίλον
1139 1851 1283 1951 άμιρορία

108 1935 229 2020 φέρων,
266 1957 338 1999 vere
371 1934 537 1999 emendavit
562 1933 693 1998 Pierson
725 1933 764 1998 ad
789 1933 918 2000 Moerid.
946 1956 977 2022 p.
1000 1936 1052 2000 63.
1094 1936 1145 2000 Ab
1179 1937 1284 2001 iisdem

109 2020 205 2084 dictos
252 2026 301 2083 uto
333 2020 401 2083 illos
429 2041 550 2102 versus,
592 2039 664 2105 quos
692 2019 811 2083 fabulae
838 2021 958 2084 nomine
985 2020 1123 2108 neglecto
1154 2023 1285 2085 servavit

108 2103 222 2168 Pollux
288 2103 375 2168 .47:
412 2102 473 2166 Ἓν
493 2105 527 2168 δὲ
553 2109 615 2167 τῶν
642 2110 767 2181 κοινῶν,
792 2108 1012 2186 βιβλιοθῆκαι,
1038 2102 1057 2188 ἢ
1087 2101 1285 2182 ὡςῈάπολίς

109 2213 222 2276 φησιν,
252 2179 290 2252 οὗ
317 2189 355 2252 τὰ
374 2190 481 2270 βιβλία
508 2187 594 2253 ὤνια.
627 2190 694 2253 Kal
716 2186 792 2253 αὐτὸ
815 2189 868 2275 ἐφ’
892 2188 1020 2254 ἑαυτοῦ·
1051 2187 1131 2254 οὕτω
1152 2191 1211 2274 γὰρ
1231 2189 1285 2256 τὸν

106 2271 216 2349 τόπον,
235 2266 327 2337 obtul
347 2276 465 2355 βιβλία,
489 2275 518 2338 οἳ
535 2275 665 2338 Ἀττικοὶ
687 2270 862 2355 ὠνόμαζον·
884 2273 985 2357 ὥσπερ
1007 2276 1058 2337 καλ
1079 2274 1153 2352 τοὺς
1173 2273 1286 2352 ἄλλους

108 2354 226 2434 νάπους
247 2360 358 2422 ἐκτῶν
378 2359 646 2446 πιπρασκομένων,
678 2355 720 2435 ὡς
740 2362 766 2423 εί
787 2369 891 2444 φαῖεν·
917 2359 1077 2441 Ἀπῆλθον
1097 2360 1139 2436 εἰς
1166 2353 1285 2443 τοῦψον

109 2444 164 2508 καλ
187 2446 228 2518 εἰς
248 2442 301 2507 τὸν
323 2440 403 2508 αἶνον
424 2446 474 2508 καλ
496 2446 538 2520 εἰς
558 2442 716 2520 τοῦλαιον,
749 2447 801 2506 καὶ
828 2443 946 2520 εἰςτὰς
972 2441 1106 2531 χύτρας,
1135 2448 1185 2509 καλ
1207 2447 1286 2509 κατὰ

109 2528 166 2593 τὸν
186 2525 336 2592 Εὔπολιν·

197 2616 379 2698 Περιῇλιλον
400 2615 442 2688 τίς
461 2611 502 2675 τά
522 2607 657 2697 σκάροιλα
679 2612 729 2674 καλ
751 2606 790 2674 τά
812 2611 967 2694 κρόμμυα,

197 2700 263 2762 Καλ
283 2696 338 2761 τὸν
357 2695 541 2778 λιβανωτόν,
563 2699 614 2760 καλ
636 2694 714 2760 εὐθὺ
736 2702 797 2760 τῶν
818 2694 1001 2784 ἀρωμάτων,

112 2836 115 2841 .
199 2785 263 2845 Καὶ
285 2785 352 2867 περὶ
373 2782 413 2847 τὰ
434 2783 533 2866 γίλγη.

111 2867 192 2933 Puto
214 2889 271 2954 ego
292 2868 464 2955 particulam
490 2868 572 2932 illam
593 2885 699 2929 versus
719 2865 776 2929 hoc
797 2865 882 2930 modo
904 2865 1115 2932 adnectendam
1138 2887 1221 2931 esse:

199 2955 381 3036 Περιηλθον
402 2956 444 3027 εἰς
464 2951 504 3015 τὰ
525 2945 660 3034 σκόροδα
680 2951 730 3012 καὶ
753 2949 792 3013 τά
812 2947 967 3035 κρόμμυα,

200 3039 265 3100 Καὶ
286 3036 340 3100 τὸν
359 3033 543 3118 λιβανωτόν,
565 3033 664 3099 κεύθὺ
684 3039 747 3098 τῶν
767 3033 950 3116 ἀρωμάτων,

199 3123 266 3184 Καὶ
290 3125 356 3206 περὶ
377 3121 417 3185 τὰ
436 3123 543 3206 γίλγη,
562 3111 624 3203 χοῦ
643 3117 682 3183 τὰ
703 3119 800 3199 βιβλί’
824 3117 912 3183 α’ίνια.

112 3228 188 3292 quae
211 3228 285 3269 unus
307 3229 347 3269 ex
372 3208 461 3270 choro
484 3207 567 3271 dicit:
597 3224 766 3290 quamquam
795 3204 883 3269 etiam
904 3202 995 3268 scribi
1015 3202 1124 3290 possit:
1151 3199 1287 3287 Περιήλ-

110 3297 220 3369 dopna
244 3290 319 3378 apud
331 3290 525 3355 Scholiastam
542 3288 753 3385 Aristophanis
763 3287 843 3352 Rau.
853 3310 882 3352 τ.
895 3288 990 3368 1095,
1012 3288 1060 3372 qui
1080 3289 1175 3374 primo
1196 3308 1285 3351 versu

111 3376 218 3456 utitur,
241 3375 350 3462 legitur
371 3381 544 3460 περιῆλθεν.
573 3373 669 3438 κεύθὺ
691 3379 752 3437 τῶν
772 3369 946 3456 ἀρωμάτων
971 3373 1016 3436 ita
1035 3371 1141 3437 dictum
1163 3378 1225 3455 cst,
1255 3381 1287 3436 ut

112 3460 191 3548 apud
212 3461 443 3550 Aristophanem
464 3462 495 3524 iu
517 3459 672 3544 Equitibus
692 3479 722 3522 r.
743 3459 821 3522 ²55:

496 3548 560 3613 Καὶ
581 3542 640 3628 γὰρ
664 3539 725 3606 οἶδε
751 3541 807 3617 τὰς
828 3536 931 3623 ὀλοάς,

165 3641 167 3646 ’
192 3625 304 3714 ’Ἀσπερ
327 3624 487 3712 Εὐκράτης
508 3626 631 3715 ἔζοευγιν
651 3625 730 3692 εὐθὺ
750 3633 812 3690 τῶν
832 3626 996 3711 κυρηβίων.

111 3703 173 3796 χοῦ
194 3713 232 3776 τὰ
253 3714 351 3794 βιβλί’
376 3713 468 3790 olera,
495 3723 527 3778 ut
546 3715 705 3779 ibidem·
728 3710 826 3777 1248:

196 3797 270 3862 Ἐπὶ
292 3797 536 3875 scandulaca,
559 3789 598 3864 οὗ
616 3797 652 3862 τὸ
673 3795 798 3882 τάριχος
819 3793 919 3860 α’ίνιον.
1223 3880 1226 3885 ¹

114 3882 201 3955 Quod
223 3885 249 3947 si
272 3886 439 3948 coniectura
460 3891 574 3948 tentare
597 3883 687 3965 velis,
709 3899 863 3968 quemnam
883 3880 929 3945 illi
950 3884 1030 3942 tanto
1045 3875 1148 3949 ¹studio
1170 3877 1286 3963 quaesi-

114 3968 229 4048 verint,
257 3969 360 4032 Nicias
383 3969 498 4034 videtur
524 3968 737 4055 intelligendus
758 3985 854 4031 esses
872 3984 942 4029 nom
961 3968 994 4028 ut
1016 3961 1232 4051 Aristophanes
1253 3963 1286 4026 iu

113 4051 271 4138 Equitibas
300 4052 407 4118 Cleoni
436 4054 524 4118 fiuxit
549 4054 750 4118 adversarium
777 4072 844 4116 esse
871 4043 1111 4131 ἀλλαντοπώλην
1132 4045 1287 4133 quendam,

113 4138 156 4203 ita
177 4137 303 4225 Eupolis
315 4138 489 4227 Hyperbolo
511 4139 627 4213 videtur
645 4138 762 4203 Niciam
783 4134 971 4226 opposuisse:
993 4141 1079 4218 atque
1099 4152 1207 4197 revera
1227 4132 1287 4196 iarn

114 4229 176 4287 tum
196 4223 276 4286 inter
287 4223 490 4312 Hyperbolum
513 4232 598 4309 atque
614 4223 730 4288 Niciam
751 4222 868 4288 videtum
887 4220 1065 4285 concertatio
1084 4217 1191 4298 luisse,
1211 4235 1286 4300 quae

112 4315 218 4396 postea
239 4309 336 4395 magis
363 4309 515 4396 magisque
536 4316 620 4374 aucto
641 4314 702 4394 est,
729 4314 762 4374 ut
781 4304 973 4395 Hyperbolus
995 4309 1151 4369 σοοωολω·
1169 4300 1286 4376 Nician

1010 4406 1079 4470 23*
