2760 4792
308 207 369 279 DE
387 208 532 288 nunna
552 208 741 282 ΟΟΜΟΕΒ.
759 211 865 285 ΔΤΤ.
884 211 1030 292 anrld
1208 214 1251 283 dl

80 377 298 482 procedebant,
338 400 459 446 carmen
490 401 551 446 com
573 381 679 447 ositum
712 388 744 448 et
793 380 918 450 lucidum
950 388 1062 449 stantes
1097 381 1253 464 canebant,

81 465 116 532 ud
136 465 214 550 quod
233 466 298 554 ipse
319 463 536 567 Aristophanes
553 401 720 534 luculenter
739 401 850 536 indicat
869 469 902 533 in
921 467 1032 559 Vespis
1054 490 1082 534 v.
1102 471 1181 552 270,
1202 469 1253 536 uhi

81 550 224 641 paredum
246 551 344 616 statim
365 551 474 639 excrpit
493 553 659 617 stasimum:

168 669 211 687 -·
227 632 320 700 Ἀλλά
340 661 394 717 μοι
416 640 503 700 δοκεῖ
518 635 651 713 στάντας
669 633 766 702 αὐτόν
771 684 781 716 ,
809 627 921 724 ὦνδρες

161 716 321 796 Ἄιδοντας
342 719 437 785 αὐτὸν
458 723 602 786 ἐκκαλεῖν.

82 801 146 869 Sed
168 803 309 870 Cratinus
338 806 458 872 chorum
479 827 540 871 non
560 806 669 873 leniter
687 806 826 872 incedere
847 813 878 872 et
898 804 1004 870 deinde
1024 806 1175 872 stasimum
1197 806 1251 872 ali·

82 887 160 974 quod
187 911 295 954 canere
321 891 402 956 fecit
451 890 581 957 Chorum
609 898 706 956 autem
736 912 756 955 a
788 890 876 978 gravi
901 891 998 976 aliquo
1031 894 1137 956 verho·
1152 894 1251 957 incre-

81 973 173 1065 pandi
193 975 293 1040 lacere
313 977 428 1040 initium
455 984 683 1042 consentaneum
709 983 767 1040 est:
802 976 919 1040 restitui
944 978 1038 1064 igitur
1063 978 1251 1065 proverbium

81 1058 164 1123 vul'
193 1080 246 1124 ore
272 1060 385 1142 tritum,
419 1061 464 1126 rei
486 1069 581 1126 autem
601 1062 768 1152 propositae
789 1061 1132 1127 accommodatissimum:
1174 1064 1249 1145 Πῦρ

82 1168 145 1225 παρ
178 1141 269 1229 ἔγχει,
304 1153 417 1228 ignem
443 1154 520 1229 lgm·
546 1152 702 1224 defende,
736 1147 791 1210 hoc
817 1152 863 1211 est
883 1146 1021 1211 iniuriam
1043 1146 1152 1210 iniuria
1173 1168 1250 1212 com-

104 1250 208 1312 enses,
243 1232 447 1297 contumeliam
474 1232 650 1297 contumeha
675 1232 833 1321 propellas.
875 1231 1001 1295 Photius
1028 1253 1057 1320 p.
1084 1230 1163 1312 476,
1192 1232 1248 1297 15:

119 1315 226 1400 ῖιρέπί
248 1317 335 1402 πυρί·
357 1318 521 1398 παροιμία,
543 1307 580 1398 ἧς
600 1314 750 1399 μέμνηται
764 1319 815 1379 καὶ
836 1313 987 1381 Πλάτων·
1010 1315 1104 1380 κακὸν
1125 1319 1173 1380 ἐπί
1196 1342 1249 1380 κα·

81 1403 138 1484 καῖ.
187 1398 327 1466 Clemens
354 1402 578 1467 Alexandrinus
624 1405 707 1474 Quis
734 1410 782 1465 eit
805 1402 898 1466 dioec
922 1423 953 1490 p.
973 1400 1003 1467 5.
1050 1400 1096 1466 Τὸ
1129 1401 1165 1484 δὴ
1192 1405 1249 1467 τοῦ

81 1485 173 1567 λόγον
207 1491 268 1569 πῦρ
303 1488 351 1550 ἐπὶ
384 1493 445 1571 πῦρ
483 1485 726 1570 μετοχετεάοντες
764 1483 854 1576 τάφῳ
890 1493 991 1574 τῦφον
1023 1486 1250 1563 ἐπαντλοῦντες.

81 1570 299 1657 Aristophanes
320 1572 352 1635 in
373 1572 501 1680 Polyido
522 1572 576 1637 Fr.
597 1571 633 1637 1:

162 1653 244 1718 Ἰδοὺ
264 1658 375 1736 δίδωμι
393 1656 482 1736 ‘cord’
507 1658 556 1738 dyo
584 1652 711 1739 γυναῖκά
733 1681 783 1721 σοι

169 1741 327 1824 Φαίδραν·
356 1743 404 1804 tul
427 1746 488 1822 πῦρ
511 1741 543 1802 δὲ
565 1765 625 1815 παρ
647 1739 722 1819 ἔοιχ’
746 1739 826 1821 ἥξειν
847 1737 938 1823 ι’ίγων.

81 1821 267 1891 concitatum
293 1830 390 1887 autem
417 1830 448 1887 et
473 1824 669 1886 turbulentum
695 1825 789 1886 luisse
811 1831 925 1887 cantum
946 1823 994 1886 vel
1021 1846 1060 1887 ex
1082 1846 1116 1887 eo
1138 1825 1247 1889 intelli·

80 1930 155 1996 gam,
191 1906 266 2006 quod
293 1906 464 1992 Hesychius
491 1907 705 1993 dithyramhum
734 1914 831 1970 vocat:
875 1928 949 1993 quae
976 1909 1106 1971 carmina
1131 1909 1190 1972 iam
1215 1910 1247 1974 in

98 1992 226 2079 rincipuo
248 1999 334 2055 erant
353 1998 495 2057 commota.
521 2000 551 2056 et
572 1993 655 2076 quasi
674 1992 864 2080 profluentia:
898 1993 940 2056 ita
980 2014 1100 2080 raeceps
1122 1994 1169 2058 ira
1189 1995 1248 2059 ruit

76 2015 222 2142 l'ratinas
242 2077 275 2139 in
296 2098 369 2164 egre
404 2078 484 2141 oillo
507 2079 636 2141 carmine
657 2078 734 2166 apud
755 2078 941 2142 Athenaeum
960 2012 1044 2146 ile.
1065 2100 1094 2168 p.
1115 2079 1188 2144 617.
1210 2076 1252 2155 0.,

78 2163 129 2228 uhi
151 2163 184 2227 in
205 2161 326 2225 abusum
348 2099 437 2226 tiliae
463 2164 624 2227 invehitur:

167 2250 224 2321 Τίς
246 2243 262 2310 ὁ
284 2243 423 2332 θόρυβος
445 2245 510 2328 ὅδες
536 2251 570 2311 τί
588 2244 721 2311 τάδετὰ
739 2243 936 2330 χορεύματα,Ι

167 2334 223 2406 Τίς
243 2328 333 2415 ὕβρις
354 2331 461 2411 ἔμολεν
481 2334 529 2397 ἐπὶ
551 2331 742 2396 Διονυσιάδα
764 2330 965 2417 πολυπάταγα
992 2324 1149 2417 domham·

158 2414 335 2497 Ἐμδςὲμδς
357 2414 372 2481 ὃ
394 2414 546 2499 Βρόμιος·
569 2420 621 2494 ἐμὲ
634 2421 682 2481 δεῖ
695 2421 838 2494 κελαδεῖν,

158 2499 232 2581 Ἐμὲ
253 2504 302 2564 δεῖ
325 2513 469 2585 παταγεῖν
491 2503 542 2566 ἀν’
567 2500 640 2587 ι’)’ρεα
661 2499 791 2584 σύμενον
810 2500 889 2584 μετὰ
909 2499 1069 2567 Ναϊάδιον.

167 2581 228 2650 Οἷά
248 2612 280 2650 τε
302 2584 411 2650 κάκνον

155 2668 299 2735 ’Άιδοντα
322 2669 549 2755 ποικιλόπτερον
568 2671 671 2753 με’λος.

76 2755 124 2820 lta
143 2756 222 2820 enim
245 2757 373 2844 corrigo.
416 2757 477 2821 Sed
489 2768 521 2821 ut
542 2759 580 2822 ad
599 2756 715 2822 Cratini
732 2757 873 2821 Pastores
895 2762 1062 2822 revertatur
1083 2757 1186 2839 oratio,
1208 2781 1244 2824 ea

95 2862 152 2905 uae
172 2841 307 2906 homines
330 2843 406 2907 docti
446 2851 641 2933 roposuerunt
665 2842 823 2922 hocloco,
857 2864 960 2930 parum
980 2842 1051 2907 mihi
1073 2844 1244 2931 probantur.

75 2860 119 2990 lit
139 2923 342 3012 Casauhomus
364 2865 477 3012 quidpem
505 2928 542 2992 ad
568 2926 680 2992 Athen.
705 2926 789 2995 XIV.
814 2948 843 3014 p.
870 2929 947 2992 908:
1001 2933 1061 3011 πῦρ
1084 2934 1145 3011 πῦρ
1167 2927 1244 3012 ἔγχει

76 3010 210 3074 coniecit.
253 3010 316 3075 Alii
338 3012 404 3076 aha.
449 3010 587 3077 Ceterum
609 3013 741 3098 equidem
768 3014 855 3077 credo
878 3013 1046 3077 archontem
1071 3013 1181 3093 luisse,
1212 3013 1245 3078 id

76 3090 153 3180 quod
174 3095 301 3160 dilucide
322 3097 493 3183 Hesychius
514 3098 639 3178 indicat,
676 3119 736 3161 non
759 3099 919 3184 choragum
941 3099 990 3182 qui
1009 3098 1103 3186 poetis
1125 3097 1245 3162 chorum

75 3179 264 3244 concederet:
307 3182 403 3246 Plane
431 3184 584 3247 confirmat
611 3181 791 3247 Aristoteles
813 3183 898 3247 Poet.
920 3203 944 3245 c.
967 3184 998 3262 5,
1020 3184 1054 3245 3:
1099 3184 1163 3245 Καὶ
1184 3181 1243 3267 γὰρ

73 3263 169 3350 χορὸν
207 3269 364 3352 κωμῳδῶν
391 3266 453 3347 ὀψέ
477 3292 549 3332 ποτε
583 3265 598 3330 ὃ
626 3265 730 3353 άρχιον
756 3266 876 3331 ἔδωκεν.
925 3264 999 3331 Cum
1034 3266 1112 3330 anim
1148 3267 1243 3354 publi-

75 3370 129 3414 cus
163 3359 275 3414 sumtus
307 3352 393 3416 fieret
424 3374 509 3437 quam
541 3353 686 3417 maximus
719 3351 752 3414 in
784 3353 893 3417 fabulis
926 3350 1052 3437 agendis
1089 3352 1244 3436 chorisque

73 3433 275 3516 instruendis,
307 3444 477 3524 partemque
503 3444 614 3501 tantum
635 3438 782 3522 choragus
804 3437 982 3523 susciperet,
1015 3443 1243 3501 consentaneum

75 3525 124 3583 est
143 3520 261 3607 puhhca
280 3523 450 3585 auctoritate
472 3522 600 3586 delectos
628 3543 694 3585 esse
716 3527 833 3607 poetas,
867 3520 917 3605 qni
943 3519 1059 3584 lahulas
1089 3520 1242 3585 docerent:

70 3605 232 3693 praecipue
254 3626 318 3670 cum
339 3628 468 3670 summus
490 3607 585 3670 honor
604 3606 786 3670 redundaret
812 3606 849 3670 ad
869 3611 1001 3694 poetam,
1035 3605 1061 3668 si
1088 3606 1243 3693 impetras-

74 3694 137 3770 set,
158 3711 215 3752 nec
235 3690 332 3754 minor
351 3692 531 3777 ignominia,
559 3693 586 3756 si
607 3713 621 3755 s
644 3713 659 3754 e
681 3690 847 3755 decidisset.
891 3688 972 3754 Hinc
993 3689 1101 3754 lactum
1123 3699 1182 3771 est,
1211 3695 1245 3755 ut

69 3772 169 3855 χορὸν
197 3772 313 3837 διδόναι
336 3776 368 3838 in
389 3777 575 3865 proverbium
602 3713 699 3840 ahiret
724 3782 754 3840 et
781 3775 818 3841 de
845 3796 881 3841 eu
910 3774 1072 3856 diceretur,
1105 3775 1154 3858 qni
1182 3796 1243 3839 ma·

119 3881 167 3923 um
189 3858 306 3944 aliquod
347 3861 437 3925 etonti
459 3862 647 3942 concederet,
683 3868 715 3924 ut
735 3869 781 3924 est
801 3859 876 3950 apud
898 3859 1054 3925 Platonem
1081 3860 1118 3924 de
1138 3860 1242 3948 Legg.

72 3879 144 4012 illl.
165 3963 195 4033 p.
215 3945 288 4009 817.
309 3882 364 4009 li:
394 3943 448 4009 ’Ἀν
468 3948 524 4028 μὲν
544 3944 583 4010 τά
605 3944 687 4009 αὐτά
705 3969 737 4028 γε
758 3942 778 4028 ἢ
800 3948 851 4013 καὶ
866 3946 976 4026 βελτίω
998 3944 1038 4008 τά
1058 3942 1133 4027 παρ’
1156 3941 1244 4024 ὑμῶν

72 4029 223 4178 ῧαίνηται
250 4025 395 4112 λεγόμενα
418 4027 556 4113 δαίσομεν
580 4027 654 4112 ὑμῖν
676 4027 781 4113 χορόν.
808 4038 839 4096 et
859 4030 1036 4097 contrarium
1059 4029 1095 4093 de
1116 4029 1243 4118 Republ.

106 4135 164 4204 .p.
186 4115 260 4180 383.
282 4114 333 4181 ss:
360 4113 457 4180 Ὅταν
477 4121 674 4191 cortenniaco
695 4115 766 4200 λε’γῃ
788 4118 854 4197 περὶ
877 4121 972 4192 θεῶν,
1013 4114 1244 4197 χαλεπανοῦμέν

72 4200 179 4263 τεκαὶ
197 4198 293 4283 χορὸν
314 4198 351 4264 οδ
371 4198 519 4283 δώσομεν.
562 4199 690 4290 Saepius
710 4201 788 4267 hanc
808 4201 986 4288 elegantiam
1008 4200 1153 4264 sermonis
1174 4204 1244 4264 sunt

73 4283 213 4351 aemulati
240 4284 385 4370 seriores,
422 4295 455 4353 ut
479 4286 629 4352 Eusebius
654 4285 741 4354 XIII.
765 4287 812 4353 δα
856 4289 932 4361 Τοῖς
959 4283 994 4348 δὲ
1014 4281 1118 4360 ἄλλοις
1137 4282 1244 4366 λέγον-
