2768 4770
260 206 319 275 DE
340 208 482 286 RELIQ.
507 207 694 279 COMOED.
714 208 820 278 ATT.
842 210 988 287 ANTIQ.
1137 212 1200 284 283

84 397 114 442 rs
136 376 308 441 adiectivum
332 388 393 457 est,
414 377 457 439 uti
478 399 494 440 a
517 375 554 440 ud
574 376 675 441 Aesch
699 377 757 441 lum
779 377 809 440 in
831 377 1056 465 Agamemnone
1080 397 1105 448 ι’.
1126 382 1200 462 821,
1293 429 1296 434 -

84 463 132 527 70.
155 461 257 548 Suppl.
281 458 365 525 1064
385 466 415 524 et
435 461 466 523 in
522 461 587 546 ysis
610 400 697 549 apud
706 462 844 527 Photium
865 485 894 553 p.
915 461 995 529 344:

124 545 239 627 Εὗχαΐς
261 546 294 607 de*
314 545 421 619 οώζοις
442 544 591 620 δεσπότας
611 547 779 621 παιωνίοις.

84 628 191 719 istopb.
218 628 350 693 Acbarn.
379 629 482 709 12113
518 631 564 693 bic
595 652 666 694 vero
699 651 752 716 pro
780 631 961 695 substantivo
991 631 1199 718 accipiendum,

85 714 184 778 ιιιίιιον
205 715 269 777 slve
291 724 449 776 mormorion
471 713 609 793 (Photins
631 737 658 802 p.
679 718 753 796 37o,
775 718 831 779 22:
854 716 1036 777 Παιωνεῖον·
1059 720 1200 799 ίατρεΐον,

84 796 288 882 ραπεοτήριον.
310 795 330 878 ἢ
352 796 501 878 σωτήριον
523 795 696 882 φάρμακον.
718 798 885 863 Scholiasta
902 798 1201 888 AristophAcbarn.

84 889 96 945 1
121 885 176 948 11:
198 886 247 945 καί
271 878 415 945 παιώνιον
436 885 576 965 ἰατρεῖον,
598 881 838 965 θεραπευτήρων
858 880 877 964 ἢ
898 882 1050 966 σωτήριον
1071 883 1199 969 φάρμα-

84 971 117 1052 ν.)
139 977 171 1032 ut
191 969 264 1030 baec
284 967 402 1030 lavacra
424 967 557 1031 dicantur
578 968 615 1031 ad
636 990 744 1032 morem
766 969 903 1049 istorum,
925 969 1051 1054 quaein
1074 971 1201 1035 medico·

84 1075 104 1117 m
132 1052 259 1117 officinis
287 1053 486 1139 reperiantur,
514 1052 646 1116 instituta
667 1075 743 1116 esse.
767 1089 807 1101 -
850 1073 878 1115 v.
899 1055 920 1118 5
947 1054 1052 1140 scripsi
1074 1055 1141 1134 έρεΐ
1155 1055 1199 1136 dt,

84 1135 148 1221 ῐδωρ
161 1136 306 1217 ἀνέχεται,
329 1137 386 1199 nisi
408 1137 485 1199 sorte
506 1137 590 1200 malis
613 1138 725 1218 ἐρεῖς,
747 1137 822 1221 quod
838 1137 929 1223 vulgo
951 1138 1200 1225 corruptissimum

84 1223 163 1308 gitur:
185 1223 241 1285 boc
263 1221 339 1283 enim
362 1221 459 1284 dicere
480 1221 572 1284 voluit
592 1230 693 1308 poeta,
714 1226 771 1285 aba·
793 1230 950 1296 tesseris,
972 1231 1086 1286 atatim
1107 1245 1200 1306 aqua

84 1332 104 1370 a
124 1317 242 1386 sponte
264 1314 415 1381 sistetur,
439 1310 582 1385 ιέοοίποτς
605 1307 679 1389 quod
703 1327 798 1393 genus
821 1306 935 1370 dicendi
958 1307 997 1370 ibi
1019 1308 1201 1395 potissimum

84 1399 177 1455 tatum
199 1396 259 1470 est,
294 1390 345 1453 ubi
373 1389 508 1453 alacritas
535 1391 674 1474 quaedam
702 1392 792 1455 animi
819 1391 1019 1476 sermonisque
1041 1392 1127 1478 vigor
1152 1413 1201 1455 re-

84 1477 177 1540 icitur:
198 1475 240 1537 ita
261 1481 322 1554 est,
344 1482 376 1537 ut
398 1495 454 1538 uno
477 1474 611 1562 exemplo
633 1474 796 1563 defungar,
818 1475 894 1562 apud
914 1475 1145 1566 Aristophanem
1165 1477 1198 1543 io

84 1559 283 1625 :hamensibus
314 1579 341 1620 v.
362 1557 444 1624 545:

118 1644 205 1724 Ἔρεῖ
221 1663 280 1717 τις·
303 1641 339 1703 οὗ
360 1648 452 1722 χρῆν·
482 1639 560 1703 ἀλλὰ
581 1641 613 1703 τί
629 1645 723 1725 χρῆν,
746 1639 859 1706 εἴπατε.

84 1730 211 1794 ominus
232 1727 352 1806 Latini,
375 1727 417 1789 uti
438 1726 510 1790 Atta
530 1727 561 1789 in
582 1724 730 1789 Aedilicia
751 1727 827 1812 apud
848 1726 984 1792 Diomed.
1004 1728 1058 1794 Ill.
1079 1750 1108 1818 p.
1121 1726 1199 1798 487:

124 1812 270 1876 Daturin'
293 1811 364 1875 estis
387 1831 504 1890 aurum,
526 1807 654 1872 exsultat
674 1809 816 1897 planipes.

84 1898 160 1987 rpida
181 1904 275 1960 autem
297 1896 416 1959 lavacra
436 1895 617 1983 potissimum
639 1895 675 1957 ab
702 1893 754 1957 illo
773 1894 852 1957 inter
872 1915 984 1958 summa
1004 1897 1082 1960 vitae
1103 1897 1200 1963 felicis

84 1982 191 2047 nmoda
210 1981 395 2060 reseruntur,
439 1978 572 2063 quoniam
593 1977 794 2042 Athenienses
816 1978 963 2043 delicatuli
989 1981 1036 2045 his
1056 1981 1108 2045 illo
1129 1990 1202 2047 tem·

84 2089 110 2132 re
133 2067 260 2131 maxime
282 2064 510 2144 delectabantur,
532 2085 551 2126 a
571 2083 628 2147 qua
648 2063 769 2126 mollitie
790 2063 822 2143 ii,
844 2065 893 2148 qui
913 2073 1033 2129 strenue
1054 2066 1201 2152 antiquam

84 2152 201 2216 rabant
222 2148 558 2236 disciplinan1,prorsus
579 2148 786 2229 abhorrebant,
806 2149 904 2234 itaquo
924 2149 1103 2240 Hermippus
1124 2150 1201 2241 apud

84 2239 227 2302 henaeum
248 2232 272 2296 l.
293 2254 321 2320 p.
345 2234 385 2296 18
403 2231 445 2297 C:

126 2318 189 2384 Md
211 2316 264 2380 τὸν
285 2315 351 2395 Δί’,
374 2316 410 2379 οὗ
431 2314 534 2397 μέντοι
554 2310 681 2395 μεθύειν
700 2314 754 2378 τὸν
775 2313 872 2398 ίίνὸρα
890 2317 952 2403 χρὴ
981 2314 985 2323 ’

129 2405 195 2467 Τὸν
216 2397 352 2485 ἀγαθόν,
376 2400 447 2463 udde*
468 2404 699 2484 θερμολουτεῖν,
721 2398 742 2463 ἃ
763 2401 802 2464 σὺ
824 2413 927 2478 ποιεῖς.

88 2488 308 2575 Aristophanes
330 2487 361 2548 in
381 2486 516 2548 Nubibus
539 2483 636 2548 1045:

127 2575 205 2637 ΑΛ.
228 2569 333 2645 Ὅστις
353 2593 386 2633 σε
407 2573 516 2654 θερμῷ
537 2571 612 2652 φησί
640 2571 772 2631 λοῦσθαι
793 2575 915 2654 πρῶτον
936 2568 991 2635 οὐκ
1011 2567 1118 2640 ἐάσειν.

128 2661 196 2724 Καί
215 2679 261 2719 τοι
282 2657 349 2719 τίνα
370 2650 493 2736 γνώμην
512 2651 589 2733 ἔχων
608 2652 711 2734 ψέγεις
729 2650 768 2717 τὰ
790 2655 893 2737 θερμὰ
914 2653 1027 2734 λουτρά
1034 2684 1042 2734 3

129 2745 189 2807 ΔΙ.
207 2738 292 2820 ‘Orod
315 2736 456 2803 κάκιστόν
476 2738 539 2801 ίστι
562 2739 611 2799 καί
634 2736 731 2801 δειλὸν
752 2749 834 2802 ποιεί
849 2738 902 2803 τὸν
923 2737 1030 2823 ίίνδρα.

128 2827 208 2893 ΑΛ.
225 2825 376 2905 Ἐπισχές·
406 2822 502 2898 εὐθὺς
521 2818 579 2906 γάρ
600 2819 632 2886 σ’
656 2821 715 2903 ἕχον
735 2823 830 2905 μέσον
849 2822 1119 2911 λαβὼνᾶφυκτον.

130 2911 199 2976 Καί
215 2935 267 2990 μοι
291 2906 424 2993 οριίσον,
445 2913 507 2970 τῶν
527 2911 582 2970 τοῦ
602 2905 680 2981 Διὸς
701 2909 819 2972 παίδων
839 2908 896 2972 τίν’
920 2908 1012 2994 ἄνδρ’
1037 2908 1162 2998 ι’ίριστον

135 2996 241 3074 Ψυχὴν
262 2996 402 3074 νομίζεις,
425 2992 503 3067 εἶπέ,
526 2994 575 3054 καί
597 2993 753 3066 πλείστους
774 2989 884 3068 πόνους
905 3003 1053 3078 πονῆσαις

131 3081 190 3144 ΔΙ.
208 3078 285 3160 ’Eyal
305 3080 360 3159 μὲν
383 3076 482 3141 οὐδέν’
501 3072 687 3160 Ἡρακλέους
707 3075 836 3156 βελτίον’
860 3075 959 3161 ἄνδρα
981 3083 1082 3164 κρίνοι.

130 3165 300 3228 ΑΔ.Ποῦ
323 3162 430 3245 ψυχρὰ
452 3165 529 3242 δῆτα
551 3157 668 3224 πώποτ’
693 3158 767 3235 εἶδες
782 3157 947 3243 Ἡράκλεια
968 3159 1099 3246 λουτριίς

131 3250 243 3312 Καίτοι
264 3248 309 3322 τίς
330 3243 535 3331 ἀνδρειότερος
556 3240 608 3328 ἦνς
650 3243 710 3310 ΔΙ.
735 3245 835 3309 Ταῦτ’
857 3248 936 3323 έστί,
963 3247 1054 3311 ταῦτ’
1077 3248 1184 3326 έκεῖνο,

124 3334 163 3399 ’Ἀ
183 3339 243 3396 τῶν
265 3335 424 3395 νεανίσκων
445 3331 489 3394 αἐλ
511 3331 552 3394 δι’
576 3329 692 3412 ἡμίρας
713 3327 886 3395 taruenna

132 3421 256 3499 Πλῆρες
275 3415 310 3479 nd
332 3423 492 3496 βαλανεῖον
512 3425 605 3489 ποιεῖς
620 3415 704 3490 κενὰς
725 3416 758 3478 δὲ
777 3414 832 3490 τὰς
854 3415 1054 3496 παλαίστρας.

84 3529 88 3568 ;
110 3525 150 3568 ex
171 3503 279 3567 comico
301 3502 397 3586 aliquo
418 3507 504 3588 poeta
528 3502 646 3586 petitum
675 3509 737 3582 est,
763 3500 838 3585 quod
859 3500 1049 3586 Phrynichus
1069 3499 1207 3568 Bekkeri

84 3586 128 3656 .1.
149 3609 179 3675 p.
194 3586 255 3668 t‚1
279 3585 377 3666 affert,
399 3585 474 3669 quod
495 3585 609 3669 quidem
631 3607 669 3649 ex
688 3586 826 3675 parabasi
846 3585 965 3674 petitum
986 3593 1042 3669 est,
1062 3587 1207 3681 facileque

84 3693 200 3740 umerum
223 3670 415 3757 Eupolideum
436 3671 614 3734 restitueris:

136 3757 377 3837 Θερμολουοίαις
398 3750 524 3833 ἁπαλοί,
545 3755 784 3834 μαλθακευνίαις
804 3749 904 3836 ἆβροί.

84 3848 158 3906 rates
179 3840 272 3926 igitur
292 3840 441 3922 utriusque
463 3840 539 3903 vitae
562 3847 591 3902 et
612 3839 752 3902 honestae
774 3845 803 3903 et
824 3839 965 3903 delicatae
986 3834 1117 3922 imagine
1137 3838 1207 3898 ante

84 3926 150 3991 ulos
191 3924 333 4010 reposita,
362 3923 484 3987 eandem
509 3925 574 3988 sere
602 3923 742 3986 rationem
769 3933 800 3987 et
828 3922 979 3987 consilium
1006 3925 1123 3984 secutus
1151 3925 1208 4000 est,
1265 3932 1267 3938 ’

84 4025 137 4098 qne
186 4009 302 4072 rodious
329 4008 476 4098 sophista,
502 4030 565 4071 cum
592 4007 718 4071 nobilem
744 4008 823 4072 illum
848 4008 940 4072 locum
962 4005 998 4069 de
1019 4002 1149 4069 Hercule
1175 4004 1207 4067 in

84 4096 129 4161 vio
151 4099 297 4161 uacaret.
