2768 4770
332 239 392 310 DE
411 235 556 317 numo.
577 237 766 311 COMOED.
784 241 892 313 Aru.
912 232 1058 353 anulo
1210 253 1274 316 323

194 398 249 473 Ού·
264 405 433 473 δεινόταται
452 409 509 490 μέν
529 405 580 472 ἀπ’
604 407 781 493 ὀφθαλμῶν
789 407 912 494 Κύννης
933 411 1049 491 ἀκτῖνες
1068 411 1215 498 ἔλαμπον.

184 487 314 557 Ἑκατὸν
334 494 368 557 oa*
388 490 489 578 κύκλῳ
510 497 641 580 κεφαλαὶ
664 493 802 560 κολάκων
823 499 1035 579 οἰμωξομένων
1063 499 1230 582 έλιχμῶντο

189 581 269 660 Περὶ
285 579 340 660 τὴν
355 579 501 664 κεφαλήν,
522 578 611 664 φωὴν
627 577 659 642 δ’
673 574 748 662 εἶχεν
758 577 921 666 χαράδρας
938 579 1069 667 όλεθρον
1085 589 1250 665 τετοκυίας,

194 661 306 743 Φώκης
318 661 343 727 d
353 660 460 745 ὀσμὴν,
466 664 598 745 Λαμίας
609 662 635 727 d'
639 659 738 747 όρχεις
751 664 914 744 ἀπλύτους,
925 669 1067 752 πρωκτόν
1078 671 1112 734 dd
1122 670 1272 755 coptiten,

192 752 343 811 Τοιοῦτον
364 747 439 811 ἰδών
458 747 549 832 τέρας
571 747 607 812 ού
628 747 879 828 κατέδεισ’,’άλλ’
901 748 978 839 ὑπὲρ
998 751 1086 835 ὑμῶν
1106 759 1276 838 πολεμίζων

186 830 335 913 Ἀντέῖχον
355 831 402 896 ἀεὶ
423 835 474 896 κοιλ
495 838 557 897 τῶν
578 829 679 896 άλλων
699 830 815 918 νήσων,
841 907 843 912 Ι
914 906 916 909 ,

101 917 223 982 Rursus
244 917 276 982 in
297 917 377 981 Pace
398 938 428 983 u.
448 917 528 984 560:
694 988 696 993 ¹
751 980 752 983 ,
863 964 871 992 ι,

185 993 226 1066 Ὦ
243 1000 371 1083 ποθεινὴ
391 1009 456 1077 τοῖς
476 1001 605 1078 taxatos
625 1004 675 1067 καλ
695 1011 839 1087 γεωργοῖς
858 999 968 1087 ὴμέρα,

182 1083 329 1167 ’Άσμενός
349 1084 382 1150 o'
401 1085 481 1170 Ιἰιλιιλν
501 1096 673 1172 προσειπεῖν
691 1085 845 1168 βούλομαι
866 1087 922 1164 τὰς
942 1089 1108 1170 ἀμπέλους.
1190 1113 1191 1116 ’

103 1191 226 1256 quocum
248 1193 415 1259 componas,
435 1171 511 1257 quod
525 1172 601 1236 dixit
641 1179 707 1237 oeta
716 1173 747 1236 in
762 1172 926 1260 Agricolis,
947 1195 1021 1259 quae
1033 1176 1183 1241 comoedia
1192 1177 1272 1241 illins

104 1256 201 1320 altera
221 1257 278 1320 fuit
297 1257 450 1338 recensio,
472 1257 548 1344 apud
570 1193 728 1322 Stolaeum
750 1256 792 1322 Τ.
811 1257 851 1322 11.
873 1280 902 1346 p.
923 1257 988 1331 loo
1008 1259 1054 1325 ed.
1076 1259 1206 1348 diist:
1346 1274 1348 1278 “

192 1345 268 1417 Τοῖς
288 1344 381 1404 πᾶσιν
406 1338 755 1428 ύνθρώποισινεῖρήνης
800 1343 867 1425 έλης

189 1424 294 1507 Πιστὴ
314 1423 444 1511 τροφός,
465 1425 577 1505 ταμία,
598 1423 754 1511 συνεργός,
775 1365 948 1512 Animosne,
993 1477 995 1480 >

193 1506 337 1594 Θυγάτηρ
343 1558 352 1587 ,
381 1507 516 1594 ἀδελφὴ,
543 1505 642 1573 πάντα
661 1508 753 1575 ταῦτ’
776 1507 886 1592 έχρὴνό
906 1536 969 1592 μοι.

146 1642 149 1649 -
188 1595 229 1659 Β.
250 1596 307 1658 Σοὶ
329 1593 360 1658 δ’
386 1593 483 1675 όνομοι
503 1593 543 1676 δὴ
564 1594 597 1659 τέ
614 1592 715 1678 iotae,
755 1597 800 1660 A.
815 1594 854 1661 Ὅ
875 1620 921 1678 τις
952 1598 1100 1682 Γεωργέοι.

192 1682 231 1742 Β.
247 1671 288 1744 Ὠ
309 1678 437 1760 ποθεινὴ
458 1687 522 1754 τοῖς
539 1680 667 1755 δικαίοις
688 1680 740 1742 κοιλ
759 1689 901 1764 γεωργοῖς
923 1677 1034 1766 ὴμέρα,

182 1759 329 1844 Ἄσμενός
349 1765 380 1828 o'
405 1762 479 1828 ttdv
500 1772 672 1848 προσειπεῖν
690 1759 844 1845 βούλομαι
864 1763 921 1840 τὰς
940 1763 1106 1844 ἀμπέλους.

103 1848 136 1913 A
167 1848 266 1936 uiego
287 1850 330 1914 sic
343 1855 438 1913 statuo
452 1847 645 1936 Hermippum
666 1849 711 1912 bis
732 1848 857 1913 idemar
879 1857 1027 1918 ,mentum
1048 1851 1221 1916 tractavisse
1243 1860 1273 1916 et

103 1933 139 1997 in
195 1935 274 1998 oeris
295 1942 325 1997 et
338 1933 497 2014 Militibus,
517 1933 560 1997 ita
580 1939 613 1997 ut
631 1932 779 2021 posterior
797 1932 900 1997 fabua
920 1933 1006 2019 quasi
1023 1955 1076 2021 pro
1097 1936 1272 2001 recensione

103 2016 155 2082 uel
174 2019 348 2106 repetitione
369 2018 490 2083 alterium
512 2018 551 2082 sit
571 2018 720 2083 habenda:
742 2036 894 2083 commune
915 2025 1010 2083 auteur
1020 2019 1170 2104 utriusque
1186 2020 1272 2084 fabu-

103 2100 153 2167 lae
180 2103 333 2168 consilium
359 2103 416 2167 hoc
442 2103 558 2167 uidetur
589 2102 700 2185 luisse,
742 2108 775 2167 ut
803 2103 915 2167 civibus
941 2101 1030 2168 Pacis
1062 2104 1212 2169 commoda
1242 2111 1273 2169 et

105 2185 301 2252 emolumenta
318 2187 545 2253 commendaret:
567 2208 654 2273 aquo
674 2187 808 2252 instituto
827 2208 1009 2272 nequaquam
1029 2188 1101 2253 illud
1123 2189 1272 2272 ahhmret,
1334 2256 1336 2261 ,

105 2270 182 2355 quod
216 2271 300 2337 modo
336 2273 442 2338 civium
476 2272 595 2336 nimiam
609 2338 611 2342 ,
626 2271 781 2372 pugnandi
816 2272 1001 2362 cupiditatem
1036 2272 1272 2358 alacritatemque

106 2356 242 2442 attingit,
277 2357 361 2421 modo
389 2357 539 2444 ignaviam
567 2362 598 2420 et
623 2357 806 2421 timiditatem
835 2359 1031 2446 perstringit:
1065 2359 1167 2422 comici
1193 2359 1272 2424 enim

125 2447 210 2504 oetae
232 2441 307 2504 nihil
327 2441 438 2505 maiore
459 2440 555 2505 studio
576 2440 723 2540 persecuti
744 2446 823 2521 sunt,
844 2462 930 2526 quam
950 2449 983 2504 ut
1011 2451 1129 2506 uantum
1150 2451 1273 2531 possent

104 2460 178 2588 letti
197 2524 442 2613 Peloponnesiaci
473 2525 640 2589 incendrum
661 2525 901 2612 exstinguerent,
942 2463 1017 2610 qudd
1038 2547 1153 2591 omnem
1173 2549 1272 2592 rerum

105 2616 137 2673 et
157 2609 336 2696 publicarum
357 2617 388 2673 et
412 2611 590 2697 privatarum
611 2610 726 2674 ruinam
747 2631 846 2675 secum
876 2617 1036 2676 tracturum
1055 2628 1123 2675 esso
1144 2632 1272 2698 augura-

77 2778 80 2783 ,
104 2692 222 2758 bantur.
249 2693 289 2757 Et
306 2693 475 2758 Moeranum
497 2694 613 2779 quidem
632 2693 761 2760 sabulum
782 2694 881 2760 docuit
900 2694 1080 2784 Hermippus
1098 2695 1195 2761 statim
1216 2695 1271 2760 sub

102 2777 200 2866 ipsum
220 2778 334 2842 initium
347 2779 428 2859 belli,
450 2777 563 2842 Milites
575 2785 671 2844 autem
683 2779 793 2865 aliquot
803 2800 897 2844 annos
908 2785 984 2868 post,
1005 2787 1130 2863 monuo,
1150 2786 1183 2844 ut
1203 2782 1280 2844 eon-.
1305 2785 1364 2845 1.(

102 2870 278 2926 sentaneum
292 2869 347 2944 est,
368 2863 499 2927 Pericle:
521 2864 619 2947 itaque
631 2863 700 2929 illos
711 2864 826 2949 quidem
837 2871 1012 2953 anapaestos
1026 2865 1288 2950 tonantissimas-,y

103 2947 206 3031 quiin
230 2948 315 3010 huius
338 2947 395 3010 viri
416 2948 619 3013 contumeliam
640 2969 702 3013 com
723 2950 792 3013 ositi
813 2957 916 3030 erant,
943 2964 1125 3037 segregasse
1144 2948 1272 3031 videtur,

102 3031 158 3095 sed
181 3032 230 3116 qui
258 3032 395 3132 deinceps
417 3034 511 3096 secuti
537 3041 623 3116 sunt,
670 2970 755 3097 nilus
782 3031 962 3098 alacritatem
987 3032 1216 3101 Atheniensium
1241 3040 1273 3098 et
1298 3032 1301 3041 ’

102 3116 137 3179 in
158 3114 411 3180 Lacedaemonios
433 3117 622 3182 acrimoniam
649 3119 655 3133 '
682 3117 823 3197 ustrauit,
849 3137 902 3183 eos
925 3118 1061 3204 integros
1082 3116 1132 3181 vel
1152 3117 1272 3183 minima

102 3208 246 3287 exparte
268 3208 392 3271 mutatos
413 3201 445 3264 in
468 3202 561 3266 altera
579 3201 682 3266 fabula
705 3202 836 3290 repetiit:
865 3207 989 3288 suntque
1014 3201 1097 3288 ¹,aliato
1119 3208 1274 3290 praeterea

100 3283 161 3348 reli
180 3285 247 3368 uiae
276 3292 481 3366 conservatae,
509 3306 583 3372 quae
604 3285 642 3351 ad
663 3286 788 3351 eundem
813 3286 892 3351 hunc
917 3287 1013 3351 locum
1037 3287 1202 3374 pertinent,
1231 3287 1286 3351 uti·

100 3305 180 3432 illud
209 3369 285 3453 quod
311 3369 401 3434 affert
426 3368 599 3435 Athenaeus
625 3369 680 3437 XI.
701 3392 731 3460 p.
753 3369 818 3436 480
838 3370 882 3434 F:
921 3368 1140 3435 Ἐπαινοῦνται,
1161 3372 1196 3436 δὲ
1221 3373 1273 3435 καλ
1310 3447 1311 3451 ¹

102 3452 138 3516 oti
149 3455 229 3516 Χῖαι
250 3450 375 3530 κύλικες,
400 3445 442 3517 ὧν
462 3451 641 3536 μνημονεύει
654 3453 833 3542 Ἕρμιππος
853 3456 887 3518 έν
895 3452 1121 3542 Στρατιώταις·

189 3538 256 3599 Χία
278 3538 311 3602 δὲ
331 3537 417 3615 κύλιξ
437 3534 523 3619 dmoni
543 3539 692 3624 κρέμαται
1161 3557 1163 3562 ’

189 3624 269 3707 Περὶ
289 3620 497 3709 πασσαλόφιν.
925 3673 927 3677 <
1096 3650 1099 3656 ⁴

101 3705 173 3771 Hoc
195 3707 272 3772 enim
287 3708 364 3774 >dicit
389 3716 476 3797 poeta
502 3726 573 3798 prae
594 3708 716 3776 militiae
742 3707 838 3774 studio
860 3707 967 3776 Chium
992 3705 1128 3796 poculum·
1147 3724 1275 3794 superne

124 3790 235 3855 endere
256 3814 351 3877 neque
373 3794 496 3881 amplius
517 3795 669 3882 usurpari:
700 3793 784 3858 clavo
804 3794 883 3860 enim
904 3793 1044 3881 suspendi
1065 3791 1194 3872 solebat,
1214 3790 1275 3854 vio.

100 3813 280 3943 llustathius
310 3877 348 3942 ad
375 3877 630 3965 llomer.0dyss.
650 3900 680 3967 p.
702 3876 801 3961 1428,
823 3879 879 3945 ot:
921 3880 988 3941 Χία
1016 3871 1117 3953 κύλιξ,
1143 3876 1211 3960 περὶ
1238 3864 1276 3956 ἧς

103 3957 152 4025 ότι
173 3967 340 4046 κατενεχθῇ
368 3964 400 4026 ἐκ
413 3961 477 4026 Ιτοῦ
504 3959 666 4027 πασσάλου
692 3963 788 4040 παίζει
811 3959 827 4027 ὃ
852 3959 1044 4048 Φερεκράτης
1070 3962 1118 4025 tut
1145 3962 1276 4043 διαβολῇ

101 4051 266 4128 γυναικῶν.
307 4047 402 4135 Epica
428 4054 523 4114 autem
549 4048 646 4113 forma
667 4043 863 4134 πασσαλόφιν
890 4047 942 4132 (ol.
963 4045 1062 4111 Matre
1084 4045 1161 4134 apud
1182 4044 1277 4110 Athe·

101 4151 210 4195 naeum
232 4130 285 4198 lv.
304 4153 336 4240 p.
359 4132 421 4197 183
442 4131 488 4196 A:
600 4175 605 4185 ·

194 4213 274 4277 Οὐδ’
298 4214 359 4280 υπὸ
381 4214 579 4300 πασσαλόφιν
599 4214 771 4298 κρέμασαν,
793 4212 847 4280 όθι
860 4226 924 4302 ’περ
946 4210 1109 4280 τετάνυστο

190 4301 369 4384 Σκινδαψὸς
389 4297 593 4388 τετράχορδος
614 4296 817 4383 ἀνηλακάτοιο
838 4298 1005 4386 γυναικός).
1048 4361 1051 4367 «

994 4401 1064 4468 tt*
