2768 4770
132 198 158 244 ἢ
278 183 336 248 ΒΕ
358 181 500 261 REth.
522 179 709 249 COMOED.
735 181 841 249 ΑΤΤ.
864 182 1007 258 anulo.
1072 267 1073 270 Ἴ
1168 186 1233 251 225

88 354 165 419 salute
185 351 380 431 secernebant
399 360 429 415 et
449 350 524 437 quod
547 350 663 435 legibus
686 349 883 435 institutisque
905 349 1050 437 neglectis
1071 352 1182 416 malitia
1203 362 1232 416 et

88 438 174 503 lraude
189 435 347 507 malebant
373 455 457 519 quam
490 434 633 522 probitate
660 432 848 518 honestisque
877 435 960 498 lactis
989 438 1127 520 consequi
1158 458 1231 521 quae

88 523 193 587 vedent:
222 529 252 585 et
279 520 315 582 ob
346 519 375 583 id
398 519 491 606 ipsum
512 517 677 598 Periclem,
703 539 787 603 quem
809 518 858 582 vel
878 519 1037 619 principem
1058 520 1145 584 huius
1168 542 1231 585 cor-

87 602 198 694 ruplelae
227 611 372 667 auctorem
406 624 473 666 esse
504 603 716 682 arbitrabatur,
752 623 857 667 severe
881 611 1006 667 notavit:
1049 605 1231 690 maximeque

86 689 201 754 1111111111
234 689 320 751 istam
352 686 498 753 iudicandi
533 686 703 766 libidinem,
746 707 820 771 quae
855 695 924 750 tunc
960 688 1087 752 onmium
1125 690 1229 754 civium

88 774 182 838 animos
204 779 412 858 occupaverat,
429 772 544 836 acerbe
565 771 748 858 perstrinxit
791 771 927 856 Denique
953 773 1069 836 videtur
1091 772 1230 839 Cratinus

87 877 186 923 causam
212 859 340 921 omnium
366 855 470 919 horum
496 854 654 934 malorum,
685 876 702 917 e
730 875 786 939 qua
812 863 947 940 tanquam
974 878 1013 919 cx
1045 859 1127 921 fonte
1158 858 1231 923 baec

86 961 168 1007 rerum
193 941 357 1006 divinarum
384 939 632 1023 humanarumque
660 938 695 1002 de
717 940 828 1003 roratio
850 940 1010 1027 repetenda
1031 951 1109 1021 erat,
1136 943 1231 1029 philo-

87 1026 198 1114 sophiam
228 1025 293 1089 dico
321 1023 400 1087 illius
422 1021 549 1105 stoculi,
579 1023 640 1086 acri
665 960 732 1087 odio
758 1033 928 1111 persecutus
957 1044 1033 1088 esse.
1074 1025 1138 1089 Iam
1158 1048 1230 1091 vero

87 1128 133 1193 quo
159 1111 264 1175 clarius
290 1109 345 1173 sub
372 1108 470 1172 oculos
501 1108 629 1171 omnium
656 1108 774 1173 caderet
803 1108 902 1208 imago
928 1108 1006 1172 vitae
1037 1110 1169 1197 perditae
1201 1122 1231 1174 ct

86 1193 259 1282 profligatae,
294 1193 428 1257 exhibuit
459 1191 645 1256 simulacrum
677 1191 820 1340 quoddam
850 1201 946 1273 vitae,
986 1213 1069 1278 quarn
1103 1196 1229 1260 maiores

87 1287 171 1342 sancte
192 1288 222 1343 et
242 1280 365 1342 honeste
387 1282 522 1364 egerant,
542 1285 575 1340 nt
596 1296 688 1361 aequa
700 1298 733 1341 es
754 1297 814 1341 non
836 1276 928 1341 solum
950 1277 1134 1343 intuerentur
1154 1279 1230 1343 hanc

87 1366 205 1469 tanquam
224 1362 385 1448 imaginem
405 1361 557 1441 veritatis,
579 1360 630 1424 sed
654 1360 741 1424 etiam
762 1369 964 1446 sequerentur.

157 1446 314 1514 Chironum
326 1446 473 1533 choragus
490 1452 546 1525 est,
563 1447 612 1529 qui
627 1444 754 1530 loquihrr
773 1446 856 1510 illum
870 1468 996 1527 versum,
1018 1447 1065 1531 qui
1088 1454 1134 1511 est
1154 1449 1229 1535 apud

86 1542 317 1634 Hephaestionem
339 1567 366 1632 p.
390 1546 444 1608 17:
480 1547 561 1625 Φησὶ
591 1544 624 1608 δέ
650 1539 871 1629 όἩλιόόαρος
898 1544 933 1610 τὸ
964 1572 987 1626 μ
1016 1543 1230 1631 ἐπιφερόμενον

87 1625 183 1720 ἀφώνῳ
204 1623 295 1713 ἦττον
315 1635 377 1693 τῶν
397 1627 497 1692 ἄλλων
517 1625 618 1711 ὖγρῶν
639 1627 742 1704 κοινὰς
764 1638 860 1693 ποιεῖν
878 1631 911 1694 ἐν
931 1639 995 1705 τοῖς
1017 1629 1097 1692 ἴπεσι
1116 1636 1229 1696 σνλλα·

86 1711 143 1789 βάς.
180 1716 244 1779 Διὰ
263 1720 354 1779 τοῦτο
377 1717 427 1776 καὶ
455 1716 608 1798 Κρατῖνος
630 1713 661 1776 ἓν
681 1721 745 1787 τοῖς
765 1714 917 1798 Χείρωσιν
938 1717 1094 1795 πεποίηκε·

111 1848 114 1855 -
156 1803 275 1882 Σκῆψιν
295 1799 351 1879 μὲν
371 1798 523 1881 Χείρωνες
544 1793 703 1877 ἔλήλυμεν,
726 1792 767 1871 ὡς
788 1793 960 1878 ὑποθήκας.

87 1876 143 1945 ἀντὶ
165 1891 219 1949 τοῦ
241 1881 449 1965 ἐληλύθαμεν,
478 1879 551 1965 ὅπερ
574 1883 769 1964 ἐξηλέγξαμεν
788 1883 905 1962 ψεῦδος
926 1879 970 1944 όν.
1012 1881 1105 1944 Recte
1127 1880 1229 1946 Hauo-
1312 1882 1317 1889 ’

87 1962 199 2033 1111111
224 1967 398 2034 Exercitatt.
421 1965 508 2032 Critt.
536 1988 564 2053 p.
585 1967 628 2031 58
661 1966 739 2030 huno
765 1986 884 2030 versum
910 1967 1133 2053 interpretatur:
1175 1969 1232 2029 Aa

88 2061 207 2126 coenem
235 2076 294 2116 αοε
323 2053 483 2116 Chironec
509 2057 701 2115 advenimus
727 2074 764 2113 eo
788 2055 877 2131 fine,
908 2066 949 2114 oct
975 2065 1157 2131 praecepta
1178 2086 1228 2111 -.

88 2128 144 2198 h'on
167 2145 261 2202 tamen
282 2145 362 2200 recte
384 2137 548 2224 suspicatur
574 2137 651 2200 hunc
671 2156 789 2200 versum
816 2158 834 2200 a
856 2135 983 2215 Solone,
1011 2136 1059 2219 qui
1080 2156 1138 2198 una
1166 2152 1228 2199 cum

88 2210 207 2286 Dracone
236 2230 266 2286 et
286 2219 440 2293 Chsthene
462 2219 624 2287 Chironum
650 2220 774 2285 formam
796 2216 994 2300 simulaverit,
1016 2220 1122 2284 dictum
1148 2240 1228 2284 osse:

87 2293 207 2371 Solonem
229 2312 275 2369 est
301 2313 528 2369 consentaneum
555 2327 609 2369 sua
630 2325 691 2369 non
712 2306 773 2368 sub·
788 2305 892 2369 aliena
913 2305 1010 2393 specie
1032 2303 1168 2368 latentem
1192 2325 1228 2367 er

88 2379 176 2454 inferis
195 2390 331 2472 rediisse,
352 2412 407 2453 nec
421 2411 483 2454 sua
503 2398 627 2477 sponte,
648 2388 702 2452 sed
722 2390 858 2476 precibus
880 2397 910 2452 et
931 2389 1083 2453 sacrificiis
1104 2390 1230 2452 resusci-

88 2468 171 2554 ltlnm,
191 2474 264 2560 quod
286 2483 353 2562 post
373 2475 480 2537 lactum
502 2495 570 2538 esse
592 2473 767 2538 videbimus:
788 2474 866 2537 hunc
886 2493 957 2537 vero
975 2493 1090 2536 versum
1113 2472 1230 2552 chorus,

87 2551 293 2643 questionum
311 2560 448 2645 liguram,
470 2556 576 2625 cultum
588 2557 773 2641 habitumque
789 2558 918 2622 imitatus
941 2564 1015 2635 erat,
1036 2556 1087 2619 ubi
1106 2557 1231 2644 primum

87 2652 114 2695 11
129 2644 300 2707 orchestram
321 2643 434 2731 prodit,
461 2642 620 2726 eloquitur:
647 2648 804 2730 praecepta
830 2649 942 2723 autem,
969 2661 1042 2726 quae
1070 2640 1230 2704 traditurus

87 2724 409 2808 1111111111ποθήκας,
431 2727 593 2814 respiciens
615 2725 878 2791 sancHesiodeum
899 2726 972 2790 illud
994 2723 1069 2810 quod
1081 2724 1232 2788 dicebatur

86 2817 195 2876 11111111.
214 2812 278 2876 lam
319 2819 436 2875 uantum
470 2811 564 2875 uidem
588 2811 634 2874 vel
655 2833 694 2874 ox
715 2832 836 2875 numero
852 2811 975 2875 heroico
997 2809 1143 2873 coniicere
1163 2829 1231 2896 pos-

87 2899 186 2975 sunus,
212 2918 267 2982 quo
290 2833 430 2960 dratinus
450 2833 614 2960 ilhuonum
643 2895 761 2959 chorum
789 2895 832 2959 uti
857 2895 942 2976 lecit,
966 2902 1057 2991 poeta
1086 2893 1172 2981 plura
1192 2915 1255 2956 ex.

85 2975 186 3061 antiqno
204 2982 261 3044 isto
279 2981 407 3044 carmine
419 2979 456 3059 ad
472 2980 668 3068 praesentiam
684 2979 834 3043 revocavit
848 2985 878 3042 et
890 2999 943 3043 suo
965 2979 1098 3041 instituto
1120 2996 1232 3041 accom-

84 3056 204 3146 notavit,
226 3086 281 3149 quo
303 3074 386 3153 pacto
409 3063 496 3128 eham
508 3065 705 3128 Pherecrates
726 3063 758 3126 in
771 3061 903 3135 Chirone
920 3070 951 3126 et
960 3061 1178 3148 Aristophanes
1199 3061 1232 3124 in

84 3127 296 3231 llaetalensibus
318 3148 373 3212 hoc
400 3149 494 3236 ipsum
516 3169 634 3212 carmen
656 3156 888 3236 usurpaverunt,
918 3147 954 3210 de
975 3146 1031 3209 hoc
1050 3145 1110 3208 vid.
1131 3144 1232 3230 Phry-

84 3222 148 3318 Plth.
166 3231 270 3320 Eclog.
297 3255 325 3320 p.
347 3233 387 3298 91
417 3233 464 3297 ed.
486 3232 580 3296 Lob.:
616 3230 702 3294 Ἔστι
730 3231 786 3312 μὲν
815 3227 999 3313 ἠπησασθαι
1033 3226 1115 3304 ἅπαξ
1146 3229 1231 3313 παρὰ

84 3305 274 3403 ‘leontopoleos
310 3319 342 3382 ἐν
373 3317 576 3394 Δαιταλεῦσι,
621 3318 756 3394 παίζοντι
788 3313 845 3394 τὰς
871 3311 1019 3380 Ἡσιόδου
1050 3308 1231 3396 ὑποθήκας·

84 3383 146 3460 Καὶ
166 3400 342 3466 κόσκινον
363 3398 597 3483 ηπήσασθαι.
620 3402 657 3465 de
678 3401 729 3466 illo
751 3402 935 3483 Athenaeus,
958 3399 1082 3485 quihus
1103 3400 1234 3463 servavit

84 3484 171 3569 fertus
192 3486 275 3554 Vlll.
297 3510 325 3574 p.
348 3485 411 3550 364
434 3485 479 3549 A:
519 3485 591 3547 Ἐπὶ
622 3491 695 3549 νοῦν
727 3484 763 3550 οὗ
790 3482 998 3568 λαμβάνοντες
1024 3483 1063 3548 τόν
1089 3483 1232 3566 εἰρημένα

84 3561 131 3626 lud
158 3576 211 3634 τοῦ
239 3571 292 3634 τόν
319 3573 461 3654 Χείρωνα
493 3568 705 3652 πεποιηκότος,
740 3569 797 3635 εἴτε
827 3568 1020 3657 Φερεκράτης
1048 3570 1143 3646 tortu,
1176 3568 1232 3639 εἴτε

84 3636 244 3738 Νικόμαχος
266 3653 282 3717 ὃ
301 3652 469 3739 ῥνθμικός,
491 3653 510 3736 ἢ
533 3651 615 3730 ὅστις
637 3652 765 3734 δήποτε·
810 3706 815 3717 .
1008 3711 1011 3717 .

151 3741 246 3822 Μηδὲ
266 3735 337 3822 udy'
364 3739 461 3822 ἄνδρα
483 3742 573 3823 φίλον
594 3739 725 3813 καλέσας
747 3739 796 3801 ἐπὶ
817 3737 908 3801 doira
931 3732 1060 3800 θόλειαν

148 3826 262 3905 Ἀχθοῦ
285 3822 365 3905 ὁρῶν
386 3825 553 3906 παρεόντα·
576 3823 669 3899 κακὸς
689 3822 747 3906 γὰρ
770 3819 847 3905 ἀνὴρ
869 3818 938 3886 τόδε
961 3820 1049 3907 ῥέζει·

147 3907 238 3974 Ἀλλὰ
259 3907 334 3990 μόλ’
360 3907 486 3991 εόκηλος
506 3907 619 3991 τόρπον
668 3909 754 3992 ρένα,
786 3906 875 3993 τέρπε
896 3904 925 3969 τ’
949 3909 1070 3969 ἐκεῖνον.

84 4000 139 4057 lteo
159 3995 238 4058 enim
266 3994 384 4077 inquam
406 4015 466 4057 non
489 3994 524 4056 ab
547 3994 610 4080 ipso
662 3995 814 4057 herecrate
835 4000 905 4056 sunt
925 3992 1075 4079 prolecta,
1118 3984 1173 4051 sed
1194 4005 1234 4050 ex

84 4063 209 4160 lesione,
233 4084 264 4140 ut
286 4079 401 4141 videtur
422 4100 461 4142 ex
482 4079 529 4142 his
550 4079 623 4166 ipsis
637 4075 763 4143 Achillis
774 4077 949 4165 praeceptis,
971 4080 1069 4141 mutuo
1090 4070 1233 4135 translata

84 4163 182 4228 thuic
203 4163 370 4226 comoediae
387 4163 617 4241 accommodata3
639 4163 681 4224 uti
702 4161 790 4225 etiam
811 4160 834 4224 ii
855 4181 972 4241 versus,
992 4159 1042 4244 qui
1063 4163 1233 4242 sequuntur,

84 4262 172 4336 ragno
195 4269 234 4311 ex
255 4257 338 4334 parte
361 4269 399 4311 ex
421 4246 547 4313 llesiodi
569 4246 716 4336 Operibus
738 4252 767 4309 et
787 4245 916 4310 fortasse
938 4264 977 4309 ex
991 4242 1115 4410 pqagnis
1132 4238 1233 4317 Eoeis,
