2760 4792
304 225 363 295 DE
384 225 528 304 RELIQ-
550 223 738 296 COMOED.
758 225 866 297 ΑΤΤ.
885 226 1032 306 amulo
1186 231 1250 300 17⁹

78 397 196 489 opinor,
216 395 266 482 qui
286 394 324 462 sle
333 393 511 484 Pythagora
531 393 653 481 eiusque
674 393 826 485 discipulis
841 402 977 462 scemate
998 398 1145 487 exposuit,
1166 397 1250 466 ‹lixe-

77 490 127 549 aat
146 481 271 547 eundern
292 481 375 546 illum
396 480 560 570 Hippason
581 501 642 544 non
662 477 915 569 Metapontinum,
936 482 990 549 sed
1001 481 1149 550 Samium:
1171 481 1251 551 Cen·

78 570 198 633 surinus
220 571 316 631 aomm
337 587 402 630 cum
423 570 589 651 quaereret,
610 563 692 628 cuias
713 571 794 629 esset
814 565 876 654 Hip
896 588 953 649 on,
974 568 1076 633 nescio
1097 590 1154 654 qua
1174 569 1252 635 osci·

80 652 175 719 tantia
196 650 234 716 ad
254 649 420 739 Hippasum
441 649 580 738 delapsus
602 656 661 714 est:
682 649 749 798 ipsa
769 649 849 715 enim
871 651 877 665 “
904 650 1051 741 aplacito
1069 674 1252 739 nequaquam

80 735 217 836 Hippaso
238 742 308 799 sunt
326 734 503 815 tribuenda,
529 733 580 819 qui
601 755 619 798 a
640 733 691 798 tali
712 754 747 798 us
768 734 884 833 quidem
924 736 1125 802 uaostionibus
1146 738 1252 802 ahhor-

79 819 354 906 mussavioeturap.
380 817 459 885 Sunt
471 819 566 905 igitur
577 817 724 907 Hipponis
740 818 837 899 ilhus,
873 819 904 883 oi
943 821 1042 887 ericiis
1058 829 1153 887 aetate
1166 822 1252 904 vixit,

80 905 203 994 placita:
232 905 425 990 nequeenim
441 903 515 967 illud
536 903 652 984 ohstat,
674 902 751 988 quod
773 903 844 968 dicit
893 906 1050 970 ensoriuus
1068 904 1168 994 priore
1187 906 1251 971 loco

82 990 292 1054 Alcmaeonem
319 1010 383 1053 cum
404 987 594 1075 Anaxagora
613 994 643 1052 et
663 986 834 1052 Democrito
854 989 995 1055 refellere
1016 989 1164 1080 Hipponis
1185 1011 1253 1055 sen·

83 1075 220 1140 onnam:
241 1073 315 1136 haec
336 1073 519 1137 enimverha
538 1071 614 1136 nihil
636 1070 716 1137 aliud
736 1072 923 1160 significant,
944 1073 1004 1138 uisi
1016 1074 1163 1140 diversam
1184 1096 1254 1139 seu·

83 1158 206 1224 tentiam
228 1157 264 1221 ah
277 1156 459 1223 Alcmaeone
480 1157 658 1245 propositam
671 1178 754 1221 esse:
776 1157 848 1222 talia
867 1159 1012 1247 permulta
1032 1157 1253 1238 incensorino,
1325 1232 1330 1247 Ι

82 1241 262 1323 Plutarcho,
284 1241 351 1306 aliis
364 1242 576 1330 reperiuntur,
597 1261 672 1326 quae
692 1240 790 1307 minus
811 1249 947 1307 accurate
967 1249 1038 1309 sunt
1056 1244 1253 1333 pronuntiatu.

82 1327 158 1395 Alia
179 1326 326 1415 Hipponis
352 1326 478 1415 placita,
505 1347 580 1412 qnae
606 1326 709 1390 eodem
730 1333 880 1414 spectant,
906 1335 1044 1393 recenset
1070 1326 1254 1394 Censorinus

84 1434 111 1479 c.
124 1413 163 1479 oz
182 1414 320 1490 Hippon
340 1434 417 1474 cero
440 1425 544 1488 capeat
564 1408 648 1492 (aute
669 1412 767 1475 omnia
785 1411 927 1478 iudicavit
945 1411 978 1477 iu
995 1412 1062 1478 alvo
1074 1411 1254 1495 increscere)

83 1505 124 1561 isa
144 1519 209 1580 qna
231 1511 283 1559 est
302 1503 406 1558 animi
433 1500 637 1573 principale.
680 1501 710 1558 et
734 1495 860 1578 ibidem,
887 1496 938 1560 uhi
964 1496 1002 1562 de
1027 1497 1184 1562 nultrienolo
1210 1497 1256 1561 in·

83 1581 170 1647 fanto
195 1580 227 1643 in
262 1594 345 1644 utero
377 1580 481 1644 matris
509 1579 622 1664 agitur:
664 1579 899 1660 Anaxagorae
931 1588 1016 1644 enias
1046 1589 1257 1664 caeterisque

84 1668 311 1743 conpluribus
341 1685 406 1742 per
432 1666 621 1725 umbilicum
657 1665 751 1724 ca'bas
778 1668 1012 1726 administrari
1037 1672 1189 1730 videtur:
1224 1680 1259 1729 et

88 1753 262 1833 Diogenes
297 1759 332 1813 et
357 1751 496 1823 Hippon
522 1752 766 1807 existimarant
790 1768 863 1809 esse
895 1754 933 1810 in
961 1754 1037 1810 aloa
1066 1758 1257 1826 prassinam

85 1839 258 1919 quiddam,
280 1836 371 1914 qnod
389 1834 507 1906 infans
529 1853 587 1892 ore
607 1827 851 1910 apprehendat,
874 1853 922 1893 ea·
943 1853 1046 1913 capae
1066 1840 1259 1896 alimaniam

86 1927 140 1983 ita
161 1916 294 1990 trahat,
317 1929 357 1977 aa
377 1935 451 1977 cam
473 1918 584 1976 editas
606 1920 667 1987 sit,
691 1936 739 1975 en
759 1922 877 1976 reatris
896 1917 1063 1980 uberibus.
1084 1916 1135 1980 uhi
1154 1937 1258 1980 rursus

86 2023 155 2069 nm
176 2000 316 2086 Diogene
338 1997 528 2086 componitur.
569 1995 662 2062 Aliud
689 1995 795 2060 deinde
822 1995 960 2063 affertur:
995 2002 1059 2063 Ea·
1080 2004 1259 2064 seminibus

87 2097 204 2153 ntea
225 2081 435 2149 tennioribus
449 2087 608 2159 feminas,
630 2103 679 2144 aa·
699 2086 908 2146 densioribus
928 2088 1150 2162 marcelini,
1172 2088 1259 2163 Hip-

83 2187 157 2251 pea
177 2172 340 2251 affirmat.
354 2165 571 2254 ,;Gorrigenda
590 2164 684 2251 igitur
730 2187 785 2230 nae
811 2168 889 2255 apud
908 2167 1099 2234 Plutarchum
1119 2169 1149 2234 le
1172 2177 1261 2233 untur

87 2253 131 2324 V.
152 2255 173 2318 7
193 2253 341 2329 (Galenus
362 2251 412 2338 qui
430 2258 554 2315 vocatur
573 2250 644 2325 hist.
665 2186 771 2338 phiios.
793 2272 819 2317 c.
839 2253 892 2316 32.
914 2251 1056 2318 Τ.’ΧΙΧ.
1076 2276 1106 2343 p.
1127 2191 1191 2319 355
1212 2252 1259 2320 ed.

89 2336 208 2419 Kiihn,
229 2338 277 2422 qui
277 2358 410 2486 prorsus
432 2333 533 2409 eadem
555 2333 686 2416 exhibet,
708 2333 778 2399 item
790 2332 985 2423 Hipponactis
1004 2358 1113 2402 nomen
1133 2339 1260 2419 servati

90 2422 145 2493 uhi
164 2422 265 2487 itidem
297 2444 314 2485 e
337 2420 445 2501 causis,
466 2440 519 2483 cur
530 2440 629 2483 mares
642 2418 809 2482 leminaevo
824 2425 998 2486 uasmutur:
1013 2416 1166 2498 Ἱππῶναξ
1176 2421 1260 2507 παρὰ

90 2505 131 2574 τὸ
151 2503 294 2581 συνεστὸς
315 2507 365 2568 καὶ
387 2501 513 2586 ἰσχυρὸν
533 2500 552 2585 ἢ
575 2500 660 2586 παρὰ
681 2501 717 2565 τὸ
739 2499 895 2586 ῥευστικόν
914 2527 947 2567 τε
968 2505 1019 2568 καὶ
1041 2503 1261 2590 ἀσθενέστερον

91 2589 234 2675 σπέρμαε
267 2591 380 2654 scrihas
394 2586 526 2652 “luunrs
560 2608 671 2674 magua
696 2593 792 2650 autem
818 2586 934 2651 inunum
952 2588 1148 2672 Plutarchus,
1177 2611 1262 2674 quem

92 2682 218 2758 vocant,
245 2674 341 2739 inira:
363 2666 531 2748 Ἱππῶναξ,
558 2674 584 2735 εἶ
603 2665 700 2753 μὲνὴ
725 2669 798 2754 γονὴ
813 2667 978 2755 aparciate,
1005 2670 1112 2758 ἄρρεν·
1139 2676 1167 2738 al
1187 2672 1218 2738 ὁ)
1242 2668 1262 2756 ἦ

92 2756 353 2913 ἷέῳὲιῖιὲἢέἢε
370 2757 484 2923 iiii
506 2755 893 2926 hitltilhlqiiic
905 2756 1263 2908 liltttfflhhi

95 2866 229 3016 quiahoc
251 2934 347 2993 autem
367 2868 441 2991 liaeo
461 2888 560 3015 specis
581 2925 618 2988 ah
638 2923 700 2988 illis
720 2923 904 3014 discrepent,
933 2933 1031 2990 tamen
1052 2928 1079 2992 si
1100 2865 1264 2992 siceranes

96 3011 332 3094 examinaveris,
358 3011 481 3076 eandem
509 3009 633 3074 subesse
658 3009 834 3073 sententiam
860 3008 1026 3098 intelliges:
1069 3019 1101 3074 si
1127 3018 1266 3076 demnas

96 3112 133 3165 et
151 3103 300 3162 validam
322 3111 510 3172 eserenon,
533 3116 604 3157 raas
625 3097 682 3162 aa·
708 3095 766 3157 ac'n
786 3108 899 3169 tenne,
921 3102 973 3158 ita
993 3109 1035 3160 at
1052 3104 1265 3171 incrementa,

97 3206 187 3267 pesae
206 3205 256 3246 ea
275 3197 382 3246 matre
401 3187 519 3258 capiar
537 3184 656 3255 infans
662 3222 672 3252 ‚
689 3184 928 3255 praevaleant,
940 3182 1145 3256 fit'ferrina.
1167 3179 1266 3245 Porro

99 3265 285 3334 &morinus
308 3265 409 3330 eodem
429 3264 509 3329 loco:
536 3267 701 3346 Sequitur
720 3284 797 3326 aero
819 3267 860 3326 de
879 3271 1040 3345 geminis,
1061 3271 1121 3346 paci
1141 3278 1182 3327 aa
1200 3270 1267 3328 ali·

99 3357 233 3436 qnando
255 3361 459 3428 merantur,
499 3353 593 3413 arado
614 3353 750 3412 reninis
764 3351 846 3423 fieri
872 3361 971 3411 ratae
991 3362 1043 3411 esa
1061 3352 1209 3427 Hippon.
1230 3354 1270 3412 id

101 3445 202 3514 enisa,
223 3457 297 3501 anus
317 3439 465 3514 amplias
486 3447 552 3510 eat,
581 3454 680 3518 quasa
700 3439 761 3496 aaa'
782 3438 871 3496 satie
882 3435 1012 3509 faerit,
1035 3435 1196 3510 issar-iasa
1217 3440 1267 3498 di·

168 3754 199 3823 ⁰)
223 3753 358 3824 Hippasus
380 3751 547 3821 Pythagorae
567 3751 715 3806 doctrinam
742 3767 798 3804 uon
819 3749 859 3805 nti
882 3749 1195 3819 compensaremus,
1222 3750 1269 3803 sstl

103 3841 136 3878 ex
153 3823 289 3877 Heraclito
312 3837 366 3874 nou
389 3838 473 3891 panca
488 3820 592 3875 vidant
613 3819 796 3886 transtulisse,
821 3816 884 3872 hinc
904 3815 1040 3873 Plutarch.
1055 3817 1150 3873 Pleuit.
1167 3816 1269 3873 Philus.

103 3894 124 3948 1.
140 3893 171 3946 δε
187 3882 360 3959 Ἡράκλειτος
375 3889 423 3939 nal
434 3883 569 3946 Ἵππασος
586 3881 827 3946 ὄΜεταπονιῖνος
842 3881 860 3937 ei
875 3879 931 3954 χὴν
947 3884 1003 3938 asir
1019 3880 1093 3938 ὅλων
1109 3880 1139 3938 τὸ
1155 3884 1221 3958 πῦρ,
1238 3884 1269 3937 ἐκ

102 3953 191 4028 πυρὸς
212 3952 250 4026 poi
296 3950 330 4008 roi
353 3949 444 4007 πάντα
470 3957 619 4023 γίγνεσθαι
639 3955 696 4007 κτλ.
731 3954 836 4009 Similia
858 3903 981 4008 glemona
997 3953 1074 4007 Alex.
1090 3953 1192 4008 oohort.
1210 3952 1269 4008 adr.

103 4032 176 4092 gent.
193 4043 222 4095 p.
231 3975 267 4079 ii
282 4023 372 4079 tradit.
400 4023 517 4076 Maxime
534 4027 622 4076 autom
639 4023 744 4077 ridetur
765 4037 935 4076 numerorum
951 4021 1098 4076 (loetum
1114 4021 1271 4086 excoluisse,

103 4109 214 4164 eamque
235 4092 315 4146 ctiam
337 4092 372 4144 ad
387 4091 513 4144 musicam
536 4095 619 4143 artem
642 4090 783 4160 praecipua
803 4106 868 4146 cura
883 4088 1030 4162 aptavisse,
1062 4087 1116 4145 oid.
1133 4087 1271 4143 Thoonem

103 4159 363 4228 Smyrn.lllns.12:
390 4157 488 4217 Λᾶσος
503 4154 533 4210 δὲ
549 4150 721 4236 hippoperis,
747 4154 785 4218 aie
824 4171 885 4224 aas,
910 4155 960 4211 nal
976 4154 1004 4210 oi
1025 4156 1092 4227 περὶ
1107 4149 1156 4208 air
1171 4156 1267 4234 Mesp-

104 4232 239 4280 norsiror
248 4222 387 4278 Ἵππασον
401 4219 602 4297 Πυθαγορικὸν
616 4222 723 4295 oripo,
741 4238 795 4282 cor
807 4230 914 4283 asaias
930 4223 986 4280 aar
1001 4217 1137 4290 κινήσεων
1153 4217 1187 4276 asi
1203 4238 1272 4292 sapa

105 4290 217 4354 καὶτὰς
236 4286 407 4364 βραδύτητας
423 4292 479 4344 uri.

1002 4373 1069 4443 ¹20
