2760 4792
331 221 391 289 nn
411 220 556 298 usuro.
576 217 764 291 muoso.
787 221 894 292 arr.
915 223 1062 302 numo.
1213 230 1276 297 aar
1319 174 1328 291 ’ᾗ

104 395 206 456 tumen
219 389 410 480 reipublicae
421 391 518 457 forma
537 391 658 480 propius
673 390 780 456 iamed
792 390 1276 483 populareimpeuiumaeredebat,
1370 395 1372 399 ’

125 476 243 540 uoniam
253 497 314 540 non
330 476 425 540 solum
436 476 619 558 nobilitatis,
640 475 695 541 sed
716 475 804 541 etiam
818 476 986 566 opulentiae
1002 479 1079 544 ratio
1099 478 1275 545 habebatur:

137 568 151 624 t
168 560 360 626 vehementer
380 561 526 625 erraverit
545 561 594 646 qui
618 560 651 624 in
672 557 813 626 Solonem
838 560 1002 627 effrenatae
1027 563 1108 627 illius
1128 564 1276 647 licentiae,

103 665 181 731 quae
200 652 304 732 postea
324 645 470 710 civitatem
491 644 683 733 perturbavit,
703 645 817 733 culpam
838 647 990 712 etcmmen
1007 649 1153 733 maletat:
1176 669 1276 734 qoam·

103 749 192 879 quam
212 729 271 793 iam
294 730 371 818 apud
395 737 512 794 veteres
532 730 669 811 luerunt,
695 730 746 829 qui
771 737 927 817 propterea
947 729 1089 797 Solonem
1114 734 1276 821 reprehen-

126 820 230 889 erentz,
248 835 369 899 quorum
389 815 566 879 seutentiam
585 814 728 879 refutavit
748 834 877 879 summus
888 815 1080 904 philosophus
1093 816 1275 884 Aristoteles
1370 873 1373 877 .

102 898 139 961 in
157 897 249 963 Polit.
269 898 309 964 ll.
324 902 356 979 9,
378 899 427 963 ubi
449 899 486 963 de
507 898 706 986 reipublicae
727 898 835 980 lorma,
855 916 941 985 quam
962 900 1013 965 ille
1034 901 1180 983 fundavit,
1200 903 1276 968 scite

102 982 235 1048 disserit
261 982 413 1048 Pisistrati
430 991 526 1064 autem
537 983 658 1069 eiusque
671 983 798 1049 filiorum
815 983 984 1065 dominatio,
1005 986 1033 1049 ei
1047 985 1279 1058 dominationem

33 1083 37 1087 ’
143 1067 255 1154 pellere
289 1067 359 1133 licet
389 1069 543 1156 imperium
575 1068 781 1154 aequissimum
819 1068 1120 1154 saluberrimumque,
1161 1078 1275 1138 tantum

101 1087 190 1216 :hest
205 1156 242 1218 'ut
261 1173 324 1217 rem
345 1152 489 1240 publicam
510 1174 530 1216 a
550 1149 662 1218 Solone
683 1154 876 1218 constitutam·
890 1153 1070 1219 imminuerit
1091 1162 1141 1219 aut
1162 1156 1274 1220 labefa-

100 1237 238 1318 ctaverit,
250 1241 291 1301 ut
310 1237 437 1324 egregie
455 1236 537 1301 illam
559 1238 713 1303 ornavisee
734 1245 765 1302 et
784 1237 965 1321 stabiliuisse
980 1239 1129 1305 censenda
1141 1241 1189 1304 sit.
1210 1238 1275 1306 Sed

99 1319 302 1388 Pisistratidiu
327 1322 429 1387 eiectis
514 1321 637 1387 murima
663 1322 770 1387 civium
790 1322 939 1388 dissensio
968 1329 999 1387 et
1018 1323 1167 1390 discordia
1188 1323 1274 1393 ,inse-

99 1412 172 1471 cuta
191 1412 252 1472 est:
294 1405 411 1471 undem
432 1405 608 1473 C‘ethenes·
625 1407 760 1496 superior
785 1407 881 1472 sactus
902 1407 951 1487 id,
978 1409 1055 1493 quod
1081 1409 1275 1474 inchoaverat

99 1488 528 1580 &temperanterque
582 1489 642 1556 Hic
668 1491 837 1564 enimcum
868 1491 1069 1558 intellexisset
1094 1501 1275 1584 quantopere
1373 1570 1374 1575 ἵ

98 1573 210 1642 Attica
238 1588 319 1642 terra
349 1597 499 1641 sacrorum
532 1583 564 1639 et
588 1575 724 1640 ordinum
757 1582 788 1640 et
813 1597 956 1664 generum
988 1577 1161 1643 diversitate
1193 1585 1276 1644 esset

99 1659 247 1749 dirempta
261 1666 291 1724 et
305 1660 482 1740 disturbata,
494 1659 526 1723 in
540 1680 629 1723 unum
642 1659 741 1724 omnia
761 1680 873 1746 congre
896 1682 948 1724 are
960 1667 1080 1727 conatus
1093 1669 1147 1728 est
1172 1660 1273 1749 Atque

98 1764 168 1810 cem
188 1747 313 1810 tribuum
335 1764 487 1808 numerum
514 1742 647 1807 auxhset
674 1762 826 1840 pagosque
847 1683 896 1807 ad
904 1745 1012 1809 iustum
1033 1746 1166 1811 ordinem
1186 1767 1274 1813 revo-

98 1837 214 1912 casset,
233 1828 359 1913 denique
380 1847 467 1891 sacra
486 1847 599 1926 quoque
626 1832 656 1890 et
675 1833 791 1926 privata
811 1832 841 1890 et
861 1827 994 1915 publica,
1020 1848 1141 1912 quorum
1161 1831 1272 1918 ingens

99 1920 167 1981 ent
192 1934 332 1978 numerus
364 1918 395 1975 et
420 1931 550 1975 maxuma
575 1910 751 1991 diuersutas,
778 1910 858 1974 omni
884 1910 971 1975 modo
997 1913 1155 1978 cundhare
1183 1918 1273 1980 etin

98 2016 192 2064 unum
218 1998 357 2084 redigere
382 1995 520 2060 meavit:
554 1994 765 2060 consiliumne
791 1993 864 2060 illud
893 1995 1056 2061 Clisthenis
1082 1997 1272 2066 felicissimus
1343 2018 1345 2022 ’

98 2077 446 2162 recesseramus,
474 2079 517 2144 ita
543 2085 575 2143 ut
598 2015 771 2144 incredilrile
798 2079 875 2143 dictu
897 2080 938 2145 sit
976 2103 1042 2146 uam
1063 2081 1147 2149 brevi
1167 2101 1272 2151 omnes

98 2167 222 2235 ordines
247 2166 417 2241 coaluerint.
459 2163 624 2232 verissime
651 2163 746 2251 igitur
765 2161 945 2231 Aristoteles
995 2165 1056 2232 elit.
1077 2165 1175 2235 Vl.2
1202 2168 1273 2235 dicit

99 2249 286 2319 Clisthenem
297 2251 436 2340 populare
447 2249 612 2338 imperium,
628 2247 705 2333 quod
716 2247 831 2336 primus,
844 2249 1013 2319 instituerat
1023 2249 1128 2334 Solon,
1149 2253 1272 2327 auxisse

98 2343 133 2402 et
152 2337 330 2402 firmavisse:
362 2342 392 2401 et
412 2334 485 2399 scite
505 2333 728 2415 animadvertit,
755 2353 811 2419 quo
832 2342 917 2423 pacto
938 2342 969 2400 et
989 2337 1125 2423 antiquae
1147 2359 1272 2405 consue-

96 2421 211 2487 tudinis
249 2421 394 2505 morisque
431 2419 549 2483 vincula
586 2417 794 2517 dl⁸⁸⁰lyfffllg
822 2425 853 2482 et
885 2422 1095 2519 communione
1119 2443 1271 2521 sacrorum

89 2513 457 2656 attribuetis
470 2501 978 2672 ttbttttlltttlltbttt}
991 2506 1270 2677 ,tabbath

96 2673 157 2758 τὴν
168 2672 321 2758 τοιαῦτην,
334 2669 380 2749 οἷς
390 2670 581 2754 Κλεισθένης
590 2695 622 2734 τε
629 2667 795 2779 Ἀθήνησιν
804 2666 966 2757 ἐχρήσατο,
973 2671 1161 2755 βουλόμενος
1175 2674 1269 2760 οὔξῆ.

97 2785 154 2826 σαι
173 2760 229 2842 τὴν
250 2758 474 2843 δημοκρατίαν,
495 2758 545 2820 καὶ
568 2758 634 2840 περὶ
650 2758 799 2841 Κορηνην
812 2756 842 2821 οἱ
864 2756 918 2821 τὸν
935 2760 1034 2840 δῆμον
1049 2757 1268 2845 neormam&

97 2847 200 2930 φυλαί
223 2868 255 2909 τε
281 2844 339 2928 γὰρ
367 2844 465 2929 l'rspor
494 2841 632 2925 ποιητέαι
660 2842 781 2917 πλείους
810 2843 861 2904 καὶ
887 2844 1035 2928 φρατρίαι
1064 2847 1116 2908 καὶ
1140 2843 1181 2910 τὰ
1206 2852 1269 2912 τῶν

96 2931 185 2996 ἰδίων
210 2930 299 3015 ἱερῶν
324 2927 488 2994 συνακτέον
508 2928 550 3002 εἰς
576 2923 663 3009 ὀλίγα
689 2928 740 2989 καὶ
762 2923 863 3002 κοινά,
889 2930 940 2991 καὶ
967 2924 1067 2992 πάντα
1095 2930 1268 3013 σοφιστέον,

97 3011 182 3091 ὅπως
202 3014 240 3078 ἂν
261 3011 307 3080 ὅτι
327 3009 462 3095 μάλιστα
482 3008 679 3092 ἀναμιχθῶσι
699 3006 807 3086 πάντες
827 3008 978 3095 ἀλλήλοις,
1001 3013 1034 3079 αἲ
1055 3013 1089 3076 δι’
1107 3012 1268 3096 συνήθειαι

97 3097 327 3182 ἄναζευχθῶσιν
347 3097 380 3163 αἱ
401 3091 556 3183 πρότερον.
577 3095 642 3160 lam
656 3115 721 3159 cum
731 3094 866 3160 Pericles
887 3096 925 3162 ad
946 3097 1135 3186 reipublicae
1158 3100 1269 3186 guber·

96 3185 204 3250 nacula
229 3184 418 3264 accessisset,
446 3182 492 3246 vir
512 3181 636 3268 ingenio
655 3200 747 3280 prope
773 3178 873 3244 divino
894 3182 1084 3266 omnibusque
1109 3182 1266 3250 uirtutibus

95 3276 240 3351 ornatus,
262 3268 412 3333 sedidem
433 3264 603 3331 dominandi
623 3263 844 3352 cupidissimus,
865 3266 1048 3353 optimatium
1066 3267 1267 3334 auctoritatem
1348 3330 1351 3334 .

96 3354 287 3435 imminuere,
334 3351 454 3441 epulare
481 3371 554 3414 vero
579 3348 732 3438 imperium
754 3369 866 3436 augere
886 3350 1012 3431 studuit,
1039 3349 1112 3415 illud
1133 3372 1169 3416 ue
1195 3372 1267 3425 con·

95 3438 195 3505 silium
236 3460 302 3502 uam
314 3375 364 3502 diu
385 3435 589 3500 vixitstrenue
609 3439 780 3521 persecutus
798 3440 855 3514 ost,
876 3433 918 3498 ita
937 3441 970 3498 ut
989 3371 1181 3520 aequabilitas
1201 3437 1266 3522 illa,

115 3545 154 3588 ua
185 3458 300 3588 nohiles
337 3520 519 3610 ignobilibus
557 3517 767 3582 antecederent
798 3517 966 3601 tolleretur,
1007 3519 1040 3583 in
1071 3520 1135 3585 eius
1168 3529 1266 3590 autem

94 3545 192 3674 locum
212 3607 384 3673 succederet
402 3606 534 3690 aequitas
553 3602 622 3685 illa,
644 3603 708 3667 eive
729 3609 762 3668 ut
781 3601 958 3669 veredicum
979 3604 1133 3690 iniquitas,
1154 3606 1189 3681 in
1208 3628 1266 3694 qua

95 3694 170 3759 nulli
195 3691 326 3758 distincti
351 3697 453 3757 essent
502 3688 590 3753 radus
617 3686 780 3775 dignitatis.
815 3685 884 3760 Sed
904 3687 1049 3753 Pericles·
1066 3696 1098 3755 ut
1123 3711 1264 3758 summam

94 3798 195 3844 rerum
223 3777 261 3842 ad
285 3798 373 3840 unum
408 3710 545 3864 paulum
572 3773 765 3853 manslemet,
798 3770 916 3837 sustulit
940 3771 1147 3861 Areopagum,
1180 3776 1263 3842 cuius

94 3861 254 3928 saecutus
281 3860 419 3926 libidines
446 3796 563 3924 lusores
583 3880 620 3922 ue
650 3856 843 3922 multitudinis
870 3855 968 3937 ‚facile
988 3857 1154 3941 domuerat,
1187 3860 1264 3947 quod

95 3947 212 4048 quidem
243 3946 369 4035 perfecit
398 3944 485 4030 Olym
508 3942 567 4008 .L
657 3988 665 4007 .
693 3943 711 4007 1
741 3940 788 4007 vel
813 3945 835 4005 2
864 3953 981 4011 auctore
1006 3941 1154 4030 Ephialte.
1175 3965 1261 4011 usus:

94 4039 193 4118 utaque
213 4031 272 4095 iam
292 4031 391 4094 omnia
410 3965 510 4117 populi
530 4027 668 4107 arbitrio,
689 4027 794 4116 omnia¹
807 4026 906 4114 populi
926 4027 1009 4091 scitis
1030 4033 1116 4112 atque
1136 4027 1262 4095 decretis

95 4117 277 4205 agebantur,
298 4115 384 4202 leges
403 4133 458 4202 pro
478 4111 609 4177 lubidine
629 4110 819 4198 fingebantur
839 4121 870 4174 et
883 4110 1118 4198 refingebantur,
1139 4135 1262 4202 prorsus

94 4208 131 4266 ut
148 4199 225 4266 nihil
252 4206 331 4265 esset
357 4199 472 4264 ffimum
498 4203 607 4262 certum
628 4217 680 4277 ue,
706 4193 782 4263 nihil
807 4215 892 4260 suum
918 4203 1025 4273 etatum
1050 4214 1190 4283 suamque
1215 4199 1260 4264 di·
1343 4279 1344 4282 Ἴ

96 4285 241 4372 mitatem
270 4284 424 4349 obtineret
465 4279 508 4348 Et
530 4215 665 4346 Peridles
690 4279 806 4367 quidem
833 4301 918 4366 quam
945 4278 995 4348 diu
1023 4282 1114 4347 rebus
1135 4281 1259 4370 publicio
