2760 4792
116 215 183 281 2¹0
451 280 455 285 ,
509 206 916 282 commaerentem

205 374 272 447 ode
291 384 347 462 τῆς
367 373 502 461 Νιόβης,
522 389 632 462 χωρεῖν
652 378 687 443 δὲ
708 379 856 461 πορθμὸν
872 377 1004 461 beliad,
1117 394 1120 399 ⁴

201 467 306 530 Καλεῖ
322 465 356 531 dd
376 467 488 546 Maipa
510 462 630 547 νύχιος,
649 454 687 546 ἧς
708 463 808 531 κλύειν
824 462 927 547 χρεών
939 500 983 516 -·

116 547 202 623 Haec
220 549 340 636 inquam
360 549 611 649 dithyramhcrum
632 556 719 637 poeta
745 549 871 637 indigna
900 556 971 615 sunt
990 568 1087 634 neque
1106 547 1287 619 mucciunt

115 635 168 718 iis,
187 656 262 722 quae
282 635 319 700 de
341 635 404 699 eius
425 635 549 721 rngenio
571 635 608 699 ah
629 635 797 700 auctoribus
818 634 877 701 fide
888 635 988 722 dignis
1008 632 1181 699 traduntur:
1201 654 1287 723 pror·

115 741 170 787 eus
195 727 291 784 autem
319 740 383 783 cnm
404 718 599 785 Atheniensis
626 718 789 784 Philoxeni
815 719 945 785 moribus
972 726 1156 805 congruunt,
1185 717 1231 785 ita
1254 726 1288 787 ut

114 803 293 871 Mathonem
316 813 366 869 aut
392 826 495 870 errore
516 804 640 890 quodam
661 816 775 892 captum
803 814 853 868 aut
874 803 948 870 alios
971 812 1106 869 auctores
1127 802 1286 893 amhigeac

114 888 186 955 fidei
207 896 337 955 secutum
359 889 450 969 haec,
477 911 552 974 quae
573 887 752 953 Atheniensi
773 889 912 954 morienti
933 888 1116 970 acciderant,
1138 886 1285 976 Cytheris

135 983 220 1039 natac
241 974 505 1039 accommodavisse
526 994 637 1058 suoque
657 974 780 1060 ingenio
801 994 966 1039 exornasse
988 973 1164 1040 existimem.
1205 972 1285 1045 Nam

113 994 350 1145 huncEryxidis
372 1058 463 1123 lilium
484 1080 538 1145 per
559 1079 673 1122 ornnem
690 1060 776 1122 vitam
799 1059 938 1147 galonem
955 1058 1140 1158 maximeque
1159 1058 1285 1147 piscium

112 1142 304 1209 delicatorum
325 1142 442 1207 avidum
463 1143 558 1207 luisse
578 1164 636 1207 non
660 1143 754 1207 solum
774 1142 797 1206 ii
818 1150 964 1225 auctores,
985 1143 1036 1228 qni
1054 1142 1140 1211 ilhue
1152 1143 1226 1227 voti,
1246 1143 1284 1209 de

114 1248 172 1315 qua
201 1228 308 1295 ὥοταω
334 1234 381 1292 ast
407 1248 511 1326 supra,
540 1227 710 1292 memoriam
731 1235 960 1309 conservarunt,
988 1249 1088 1293 verum
1115 1228 1206 1295 etiem
1231 1228 1284 1295 elii

133 1319 269 1378 nectarea
288 1317 380 1377 testas
401 1322 476 1378 satus
496 1311 656 1400 locupletes
677 1312 843 1400 perhibent,
865 1320 897 1377 ut
905 1311 1085 1378 Plutarchus
1098 1310 1217 1399 inSpm

159 1395 225 1478 ,4,
246 1397 282 1461 2:
313 1395 436 1461 Οὐκοῦν
456 1399 505 1459 καλ
529 1395 638 1478 ἀρετῆς
660 1395 749 1476 ὄψων
782 1398 921 1488 (optimus
942 1397 1049 1481 iudex)
1069 1392 1087 1463 ὅ
1108 1400 1212 1482 φιλοφ
1230 1422 1284 1463 τα·

112 1500 181 1557 τος·
216 1478 288 1545 οὐδὲ
321 1480 381 1565 γὰρ
408 1477 587 1569 Πυθαγόρᾳ
614 1505 646 1565 ηε
679 1477 797 1545 τούτων
828 1481 901 1545 οὐδὲ
928 1478 1112 1565 Ξενοκράτει
1140 1483 1282 1569 διαιτητῇ

108 1566 274 1650 χρηστίον·
291 1560 475 1653 Ἀνταγόρᾳ
495 1567 529 1629 (λε’
549 1572 593 1651 τῷ
616 1572 726 1652 ποιητῇ
748 1569 799 1629 καὶ
814 1567 969 1653 Φιλοξίνιρ
990 1571 1035 1654 τῷ
1052 1562 1211 1650 Ἐρίξιιλος
1229 1570 1282 1639 ιο)

110 1657 155 1716 r'
177 1646 329 1735 ζωγράφῳ
347 1647 559 1736 Ἀνιλροκύθη.
581 1651 658 1716 idem
681 1652 717 1717 de
738 1652 850 1717 occulte
870 1652 997 1717 vivendo
1018 1674 1044 1717 c.
1063 1653 1098 1719 1:
1123 1651 1209 1729 Τοὺς
1225 1652 1283 1735 μίν

110 1675 173 1821 ydp
199 1738 265 1884 περὶ
297 1732 461 1812 Φιλόξενον
492 1736 545 1798 τὸν
571 1732 729 1818 Ἐρύξιδος
755 1740 804 1800 καὶ
833 1733 988 1804 Γνάθωνα
1020 1734 1075 1802 τὸν
1097 1732 1283 1821 Sanamem

111 1823 228 1903 ἔνετοημ
248 1844 317 1897 νους
338 1824 404 1906 περὶ
426 1819 465 1884 τὰ
486 1818 554 1900 ὄψα
575 1823 712 1904 λέγουσιν
733 1819 999 1902 ἐναπομύττεσθαι
1011 1832 1079 1897 ταῖς
1099 1824 1281 1907 παροψίσιν,

110 1903 195 1981 ὅπως
220 1904 293 1983 τοὺς
320 1908 537 1980 συνεσθίοντας
563 1906 804 1987 διαστρέφαντες
825 1905 914 1973 αὐτοί
941 1906 1031 1985 μόνοι
1050 1911 1114 1973 τῶν
1133 1932 1282 1991 παροινι-

107 1991 209 2072 μίνων
238 1991 472 2076 ἐμφορηθῶσιν.
515 1989 624 2057 Verum
659 2012 719 2055 non
744 1991 841 2056 sulum
868 1990 977 2057 Mache
1002 1992 1035 2059 in
1061 1992 1120 2061 hue
1143 1998 1280 2061 aarum

109 2084 158 2141 est
178 2097 296 2156 errore,
324 2075 377 2140 sed
404 2077 492 2139 etiam
513 2074 564 2137 alii
585 2094 645 2137 non
672 2075 773 2162 pauci,
801 2077 844 2140 nti
865 2074 907 2142 So
975 2099 1007 2156 r,
1034 2076 1094 2143 vid.
1115 2097 1195 2163 quae
1211 2076 1280 2149 Mea

109 2160 215 2225 chunis
240 2160 377 2224 versihus
405 2159 530 2223 subiecit
550 2156 724 2225 Athenaeus
745 2159 828 2227 vlle.
849 2181 882 2249 p.
922 2162 959 2224 et
984 2160 1033 2227 E:
1064 2163 1148 2248 Περί
1166 2163 1204 2229 δὲ
1221 2164 1279 2229 τοῦ

112 2245 279 2319 Φιλοξένου
301 2246 351 2306 καὶ
373 2238 390 2304 ὅ
413 2239 558 2327 παρῳδὸς
574 2238 745 2321 Σώπατρος
766 2244 860 2326 λέγων
881 2246 971 2328 φησί·

195 2328 328 2402 Δισσαῖς
351 2326 411 2410 γὰρ
433 2329 466 2390 ἐν
485 2326 626 2406 μέσαισιν
647 2324 765 2407 ἰχθύων
787 2338 899 2413 φοραῖς

188 2402 300 2476 Ἧσται
321 2410 376 2479 τὸν
395 2411 515 2492 Αἴτνης
535 2413 566 2487 λς
586 2413 680 2491 μέσον
704 2410 839 2477 λεύσσων
859 2408 984 2481 σεαυτόν,

109 2517 184 2587 quae
205 2498 264 2565 etsi
283 2497 408 2563 obscura
429 2505 514 2578 sunt,
536 2506 634 2561 tanuen
649 2505 786 2582 quantum
800 2499 915 2649 puidam
937 2497 1108 2567 eertnae
1128 2497 1277 2571 maulim

108 2583 259 2649 conficere
275 2603 450 2670 possumus,
471 2583 507 2646 de
530 2579 674 2668 Cytheris
696 2592 783 2670 poeta
823 2585 882 2651 icta
901 2583 1057 2666 videnum,
1076 2604 1142 2651 cum
1162 2582 1277 2673 Eryxi-

108 2667 157 2737 dis
177 2667 241 2739 filio
260 2667 356 2755 potius
383 2666 569 2733 conveniant.
610 2667 747 2733 Pessime
772 2675 869 2735 autem
894 2670 1064 2757 perturbata
1090 2676 1176 2753 auat,
1222 2688 1277 2739 a!

106 2753 282 2824 Athenaeus
302 2751 329 2819 l.
350 2752 413 2840 μθ
435 2759 464 2815 et
484 2752 506 2816 6
528 2751 564 2815 de
575 2751 737 2817 Philoxeni
756 2753 916 2819 voracitate
936 2754 1067 2835 tradidit,
1088 2754 1139 2840 pri
1158 2688 1276 2840 qudo

106 2858 227 2907 errores
247 2857 429 2922 nequaquam
451 2836 495 2917 ei,
517 2836 567 2921 qui
587 2838 732 2924 epitomen
754 2838 895 2915 confecit,
916 2859 1021 2907 verum
1039 2840 1099 2926 ipsi
1117 2837 1275 2911 Athenaeo

106 2921 225 2991 nimiu
244 2922 381 2986 vertendi
401 2927 486 3001 sunt3
513 2941 685 3006 quamquam
705 2942 780 2986 sane
799 2922 859 2989 iam
878 2923 1015 2991 nonnulli
1034 2944 1078 2991 ex
1094 2924 1275 3007 aucmrihua

106 3027 181 3094 quos
207 3006 360 3092 sequitur,
392 3027 452 3070 non
479 3013 616 3094 expertes
643 3008 763 3071 suerunt
789 3007 922 3074 eiusdem
948 3008 1073 3075 emuna.
1111 3006 1157 3073 m
1174 3006 1275 3097 Chry·

106 3093 209 3182 sippus
234 3091 351 3178 quidam
377 3090 413 3155 de
439 3089 585 3178 Eryxidis
615 3087 677 3155 filio
703 3092 817 3158 locutus
842 3113 911 3159 esre
937 3093 1074 3174 videtur,
1101 3112 1274 3183 quemquem

105 3197 260 3263 quemnam
287 3175 470 3241 intellexerit
502 3195 563 3240 non
591 3176 664 3241 satis
690 3174 801 3263 liquido
827 3176 958 3243 discerni
987 3184 1102 3266 potest,
1143 3178 1275 3265 quando·

105 3262 222 3348 quidem
243 3260 328 3333 dici:
356 3258 435 3350 Ἐγὼ
456 3261 573 3341 κατέχω
593 3259 662 3325 τινὰ
683 3257 847 3346 ὀψοφάγον
866 3298 909 3313 ··-
929 3283 1061 3328 narrem
1083 3260 1167 3329 illum
1188 3262 1275 3365 gule·

104 3368 171 3411 nem
194 3346 304 3433 digitos
326 3351 412 3430 atque
433 3365 467 3408 os
488 3344 680 3431 calidaeque
701 3346 866 3427 duravisse,
887 3352 919 3413 ut
934 3348 1015 3413 cihos
1036 3345 1274 3421 ferventissimae

104 3437 208 3520 posset
227 3429 381 3495 comedere
422 3430 484 3493 rius
509 3452 597 3515 quam
624 3430 715 3494 ceteri
739 3431 886 3498 convivae
903 3438 1029 3520 tangere
1049 3432 1209 3511 endareutr
1241 3430 1274 3501 id

124 3515 181 3580 uod
203 3535 325 3602 prorsus
350 3451 479 3579 sordidis
499 3515 587 3579 huivss
612 3513 740 3579 hominis
768 3516 899 3581 moribus
924 3516 1082 3597 eonvenit3
1110 3516 1178 3585 vide
1197 3536 1273 3603 quae

103 3536 282 3665 ilutarchus
299 3618 334 3661 eo
356 3597 420 3661 loco
441 3619 527 3684 quem
547 3597 634 3664 modo
655 3599 718 3664 dixi
738 3600 880 3667 narravit.
901 3600 970 3690 lpse
991 3610 1087 3667 aute·
1098 3600 1273 3669 Athenaeus

104 3692 216 3749 amere
237 3682 275 3747 ad
292 3681 467 3768 Cytherium
488 3683 603 3764 retulit,
625 3684 778 3772 subiungit
800 3686 894 3751 enims
917 3684 1012 3751 Tae*
1030 3684 1111 3751 adad
1130 3689 1189 3753 καλ
1205 3686 1273 3773 nupt

103 3774 161 3833 τοῦ
182 3769 349 3851 Κυθηρίου
373 3768 538 3843 Φιλοξένου
560 3768 743 3848 ἱστοροῦσιν.
766 3768 817 3834 Ex
839 3767 1001 3851 Clearchu,
1023 3770 1147 3843 hemina
1165 3770 1274 3841 deaii*

103 3854 196 3934 mmo,
222 3851 308 3916 aliam
330 3853 581 3919 narratiunculam
607 3854 688 3919 addit
708 3853 884 3921 Athenaeus
909 3876 938 3943 p.
959 3856 981 3921 d
1001 3854 1048 3937 A,
1076 3876 1180 3921 verum
1206 3858 1272 3923 aare

103 3948 143 4004 ne
163 3958 200 4001 ne
221 3936 258 4001 ad
280 3933 459 4023 Cytherium,
485 3958 580 4024 neque
607 3938 644 4003 ad
665 3938 880 4004 Atheniensem
906 3940 1102 4009 revocandam
1131 3940 1273 4023 arbitrer,

104 4045 121 4089 s
181 4021 217 4086 ad
239 4023 399 4110 parasitum
421 4021 524 4103 ilium,
541 4024 588 4087 cui
604 4022 799 4111 Pternocopis
820 4024 878 4089 [uit
896 4045 1084 4111 cognomen,
1099 4038 1186 4129 puem
1207 4046 1277 4091 aar·

104 4128 208 4174 mones
235 4106 325 4170 nrulto
352 4106 452 4194 lepore
481 4114 569 4207 atque
593 4108 712 4207 lapetha
733 4109 904 4173 condivisae
926 4118 1054 4190 eonstat,
1086 4109 1155 4175 vnde
1177 4110 1272 4177 athe·

102 4213 211 4259 nasum
230 4189 285 4261 vl.
1091 4216 1146 4261 ceu
1165 4195 1271 4277 τοίων,

103 4278 112 4295 ⁰
275 4213 325 4342 ⁴p.
339 4190 401 4255 241
415 4191 453 4257 E.
475 4199 659 4292 etpnprrmns
680 4214 757 4293 quae
776 4215 805 4282 p.
818 4196 883 4263 242
897 4192 935 4263 Be
956 4192 1091 4345 ⁰¹⁸³ae

102 4277 277 4366 νοννιηιλ
372 4322 380 4340 .
413 4282 443 4341 et
468 4276 649 4345 Αιαοαιοσω
679 4298 820 4345 marcum
847 4286 962 4371 poetam
998 4300 1009 4343 r
1095 4278 1269 4371 μλθθθ.
