2768 4770
157 238 217 304 DE
237 237 379 315 Romu.
400 229 592 313 COMOED..
606 242 712 311 Anu.
732 243 877 321 anulo.
1000 237 1004 245 ⁴
1027 248 1089 314 197

71 427 106 471 us
120 407 306 489 confirmare,
327 408 376 493 qui
390 407 471 472 inira
482 431 509 495 p.
521 408 635 474 2681).
653 410 734 474 dicit:
748 412 836 493 Πρὸς
845 417 900 495 τῆς
911 408 1088 498 Δήμητρος,

70 499 89 554 ’ν
118 480 142 553 ὦ
169 489 283 576 ἑταῖροι
311 494 337 555 el
360 497 460 557 ταῦτα
490 492 586 568 οὕτως
613 496 855 600 ε’γίνετο,ιχρεία
881 498 924 571 τίς
951 495 1025 578 ἡμῖν
1050 487 1088 580 ἦν

70 607 71 615 ¹
93 572 172 637 άλλά
194 575 252 658 γάρ
275 574 463 662 αὐτουργούς
484 573 557 640 εἶναι
573 579 722 655 ἐθίζοντες
742 586 823 660 ημᾶς
845 579 874 645 οἱ
894 578 1014 665 άρχαῖοι
1035 580 1089 646 διὰ

70 657 190 742 ρμάταιν
211 660 369 725 ἐπαίδευον
394 659 576 743 εὐωχοῦντες
597 661 710 746 λύγοις·
732 663 790 747 lyei
811 661 842 729 δ’
863 663 964 748 lueth
985 662 1085 753 ὥσπερ

70 768 105 807 ον
132 746 366 821 κατασείσαντος
394 751 450 811 τοῦ
477 745 739 826 θαυμαστοτάτου
759 750 917 832 Κρατίνου
942 748 983 813 τά
1008 775 1108 834 προο·

70 826 127 911 ἴπη
149 832 200 891 καὶ
222 827 288 894 ὅσοι
308 829 377 909 μετ’
402 829 496 894 αὐτὸν
524 829 675 914 γενόμενοι
694 829 899 914 μιμησάμενοι
918 832 1088 919 ἐπεξειργά-

70 911 242 997 ἔχρησάμην
268 920 305 998 τῇ
331 912 413 989 τάξει
439 920 500 979 τῶν
526 917 691 999 δραματων
718 941 760 994 ως
786 918 948 1000 ἔδιδαχθη.
988 918 1019 984 Α
1049 941 1087 984 ue

71 1020 91 1061 n
111 997 217 1079 Feris,
244 1001 293 1083 qni
314 1000 390 1064 sicut
416 999 506 1063 ceteri
532 1001 649 1082 comici,
695 1022 748 1066 uos
769 1009 974 1067 commemorat
991 1003 1036 1069 At
1056 1026 1089 1067 e·
1131 1059 1134 1066 .

70 1079 181 1148 Cratini
203 1081 366 1172 exemplum
394 1091 511 1148 secutus
533 1023 696 1166 est,‘illud
720 1087 855 1175 inprimis
881 1084 985 1169 effert,
1011 1087 1088 1173 quod

71 1168 99 1230 tit
132 1188 284 1231 servorum
311 1190 396 1232 usus:
429 1169 526 1271 itaque
556 1170 644 1234 etiam
675 1171 813 1235 ferebant
836 1168 960 1236 Saturni
991 1177 1088 1236 aetate

71 1251 167 1315 iberos
192 1252 302 1332 luisse,
329 1252 388 1321 vid.
409 1251 537 1318 Lucran.
559 1251 709 1320 Saturnal.
740 1276 765 1318 c.
786 1257 823 1336 7,
852 1255 903 1320 ubi
928 1257 993 1344 ipse
1014 1255 1087 1320 deus

71 1333 128 1420 ιδιρ,
151 1336 202 1417 ait,
224 1335 267 1400 ἐπ’
292 1338 367 1415 ἐμοῦ
389 1336 499 1412 δοῦλος
519 1329 566 1420 ἦν.
587 1360 682 1424 neque
703 1339 780 1404 enim
802 1359 874 1427 opus
895 1346 960 1405 erat
979 1341 1088 1422 servis,

71 1420 112 1484 ria
132 1440 187 1483 sua
207 1418 310 1508 sponte
332 1422 437 1486 fierent
458 1433 488 1485 et
514 1431 707 1488 nascerentur
726 1424 874 1489 huminum
894 1446 930 1488 ue
949 1423 1087 1489 voluntas
1209 1459 1213 1467 ·

71 1504 229 1568 uhaberet
249 1522 424 1570 successum.
455 1504 517 1570 Iam
539 1505 680 1572 Cratinus
701 1509 788 1573 finxit
809 1509 863 1572 sub
910 1515 1013 1573 aturno
1034 1509 1088 1573 ho·

72 1589 158 1652 nibus
170 1605 219 1652 tan
240 1611 305 1654 uam
321 1590 444 1654 tesseris
454 1589 577 1670 lusisse3
600 1592 769 1657 Teleclides
784 1592 961 1657 simillimam
981 1593 1087 1680 imagi·

71 1673 150 1763 tibuit
169 1674 201 1737 in
215 1610 481 1762 ,lmphictyonibus
504 1697 549 1761 ap.
560 1674 745 1740 Athenaeum
766 1675 820 1745 vl.
841 1676 1000 1765 puoso:

71 1782 149 1841 προς
171 1758 204 1821 δὲ
225 1755 330 1838 τύμοις
350 1760 400 1820 καὶ
419 1760 619 1840 χναυματίοις
640 1758 669 1822 οἷ
690 1762 794 1834 παῖδες
809 1756 847 1822 διν
857 1757 1085 1844 ἠστραγάλιζον.

71 1865 79 1906 ι
126 1849 208 1906 ostea
227 1842 435 1906 Saturnalibus
462 1843 518 1907 hoc
545 1850 724 1908 tesserarum
753 1844 819 1908 lusu
844 1843 983 1908 delectari
1008 1844 1086 1910 sole·

71 1926 88 1990 l.
132 1927 228 1990 uciani
244 1925 394 1991 Saturnal.
416 1949 441 1991 ο.
463 1929 493 1992 2.
516 1924 672 1991 Cronosol.
688 1927 738 1993 18.
759 1927 856 1992 Porro
876 1929 908 1991 in
930 1928 1086 2016 palaestris

72 2012 191 2076 nerrimi
212 2019 241 2075 et
266 2012 337 2074 suite
364 2011 438 2075 cocti
458 2011 541 2096 quasi
567 2012 681 2076 fructus
703 2012 740 2077 de
761 2012 914 2077 arboribus
936 2012 1084 2077 decidunt:

72 2105 87 2200 :g
100 2091 205 2244 Ιρύζος
225 2117 285 2160 non
306 2094 443 2161 dissimili
462 2096 577 2160 ratione
598 2096 675 2162 dixit
686 2095 857 2163 Teleclides
878 2096 955 2186 apud
973 2095 1084 2164 Athen.

72 2203 80 2246 ι
139 2203 148 2244 :

78 2263 284 2347 Συγγενίσθαι
304 2260 356 2326 διά
381 2259 493 2348 χρύνου
513 2262 549 2346 μ’
574 2259 709 2351 ἐλιπάρει
753 2279 755 2283 ’

72 2349 189 2414 οπεπέσι
209 2344 319 2429 μάζαις
338 2350 397 2411 καί
411 2350 663 2415 διασκανδικίσαι.

85 2434 134 2498 vul
158 2456 175 2498 ο
196 2433 306 2519 legitur
324 2428 438 2514 βώλοις
458 2457 490 2511 τε
501 2441 650 2512 κομῶσαι,
672 2433 779 2522 scripsi
800 2429 936 2512 ύιμύλοις,
957 2432 1011 2498 sed
1032 2432 1085 2498 du·

107 2456 157 2584 Al
183 2518 305 2582 eandem
329 2518 471 2606 pristinae
492 2518 642 2583 felicitatis
664 2518 831 2583 memoriam
852 2518 979 2606 pertinet
998 2518 1086 2583 etiam

100 2603 152 2668 ille
188 2624 309 2684 versus,
353 2623 446 2692 quem¹
468 2623 507 2668 ex
532 2604 588 2668 hac
623 2603 726 2668 fabula
757 2601 903 2668 Stobaeus
936 2599 1018 2668 0111.
1044 2602 1085 2667 11

72 2767 187 2852 ιύματα
208 2780 286 2836 τοῖσι
306 2768 380 2848 θεὸς
400 2768 474 2834 ἀνίει
495 2768 630 2854 τάγαθά.

73 2877 140 2941 puae
172 2856 250 2920 vitae
282 2857 413 2943 imagine
445 2857 595 2958 proposita
628 2853 769 2920 Cratinus
801 2855 989 2944 popularibus
1022 2855 1085 2918 suis

73 2943 145 3005 nisse
165 2940 298 3022 videtur,
319 2940 403 3022 lure,
430 2948 462 3004 ut
481 2962 509 3004 sr
530 2940 565 3004 ad
594 2940 721 3026 priscam
741 2939 878 3004 virtutem
899 2947 929 3004 et
948 2939 1086 3004 honesta·

73 3026 119 3089 int
138 3027 268 3105 reversi,
289 3024 376 3088 etiam
397 3025 522 3114 pristina
547 3025 686 3088 felicitate
707 3024 820 3111 perfrui
839 3029 973 3118 possent:
1001 3022 1085 3087 indu-

73 3136 78 3173 ι
108 3110 212 3197 opinor
239 3109 379 3193 aliquem,
430 3109 459 3172 ui
486 3110 639 3195 regionem
666 3108 800 3171 omnibus
827 3109 912 3173 bonis
939 3107 1086 3195 copiisque

73 3216 123 3258 em
145 3194 371 3258 demonstraret:
394 3130 432 3258 ad
470 3215 535 3257 uem
556 3193 651 3256 locum
692 3192 820 3256 ertinent
833 3198 957 3300 quatuor
968 3211 1085 3271 versus,

73 3279 200 3342 benacus
228 3277 281 3345 W.
301 3299 330 3365 p.
354 3277 416 3342 138
436 3213 474 3342 hl.
496 3275 598 3341 affert:
678 3273 794 3354 ολίμωυ
819 3277 838 3338 δ
876 3277 908 3338 ἓν
932 3279 976 3361 τῷ
1002 3273 1087 3357 παρὰ

73 3387 105 3426 τι
131 3360 279 3447 κανάθρῳ
307 3366 362 3425 τού
390 3361 475 3443 παρά
495 3358 628 3424 Λάκωσι
649 3357 837 3439 καλουμένου
858 3359 980 3425 δείπνου
1001 3361 1087 3423 κοπί·

73 3446 230 3510 ιονεύοντα
251 3449 408 3529 Κρατῖνον
434 3448 466 3510 ἓν
485 3441 641 3520 Πλούτοις
662 3444 769 3525 λίγειν·

98 3529 226 3611 άληθῶς
247 3540 310 3604 τοῖς
331 3528 457 3606 ξένοισίν
477 3527 573 3607 ἔστιν,
595 3525 637 3605 ὡς
658 3524 795 3610 λίγουσ’,
816 3526 881 3591 ἐκεῖ

73 3642 100 3680 σι
120 3625 183 3691 τοῖς
206 3617 352 3680 ἐλθοῦσιν
372 3617 404 3680 ἒν
424 3620 462 3700 τῇ
484 3615 585 3680 κοπίδι
606 3617 776 3677 θοινᾶσθαι
796 3616 917 3694 καλῶςς

83 3701 116 3764 δι’
135 3711 203 3775 ταῖς
224 3701 360 3782 λέσχαισι
382 3695 496 3786 φάσκοι
518 3695 878 3784 προσπεπατταλευμέναι

73 3786 289 3868 ιακρίμανται,
312 3794 390 3848 τοῖσι
414 3781 629 3867 πρεσβύταισιν
650 3780 832 3847 ἀποδάκνειν
852 3776 944 3859 ὀδάξς

76 3871 87 3934 i
108 3871 236 3934 fortasse
262 3887 322 3934 non
349 3869 386 3934 ad
412 3869 506 3957 ipsam
526 3867 797 3948 Lacedaemonem,
823 3865 878 3932 sed
904 3865 942 3930 ad
963 3865 1088 3950 aliquam

74 3979 94 4036 ι,
115 3976 199 4040 quam
211 3956 298 4018 finxit
336 3961 413 4035 oeta,
434 3960 503 4023 sunt
522 3951 691 4034 referenda,
711 3959 809 4018 amen
830 3949 1001 4015 adumbrata
1019 3956 1089 4013 sunt

74 4061 92 4104 s
120 4047 149 4103 et
175 3976 411 4123 consuetudinem
432 4037 752 4118 Lacedaemoniorum,
780 4036 829 4121 qui
856 4055 931 4120 erga
955 4032 1087 4121 hospites

74 4131 114 4188 mt
142 4124 292 4188 liberales:
327 4125 369 4187 ita
395 4123 509 4187 Lichas
536 4124 663 4186 maximo
690 4127 786 4186 sumtu
813 4139 915 4184 omnes
945 4117 1088 4207 hospites,

74 4209 221 4274 rdaemone
242 4209 509 4288 commorabantur,
530 4206 562 4270 in
584 4206 731 4294 gymnicis
752 4204 828 4277 ludis
849 4223 947 4269 soona
962 4203 1088 4291 excepit,

74 4295 145 4383 toph.
166 4292 352 4361 Memorabil.
377 4294 402 4359 l.
425 4296 460 4375 2,
482 4291 537 4359 fil:
571 4288 664 4358 Ἀλλά
683 4283 851 4383 Σωκράτης
875 4288 919 4380 γε’ἴ
934 4289 1004 4358 καλ
1013 4286 1089 4371 πρὸς
