2768 4770
346 215 1079 309 uuauueoomouu.arr.enr1o
1252 226 1295 305 ιο

116 403 247 453 mannus
274 405 387 470 quoque
409 384 483 469 (vid.
503 385 628 452 Runkol
652 385 797 457 Phereer.
819 395 849 454 et
869 387 978 478 Eupol.
999 387 1054 456 lli.
1075 408 1105 483 p.
1126 389 1204 479 187)
1225 413 1293 484 pro·

115 471 235 563 posuit,
260 476 312 534 aut
331 472 461 534 fortasse
482 471 682 536 scribendum:

160 560 164 565 '
203 556 272 618 Καὶ
293 550 385 617 πάντ’
409 553 525 640 άρίστιρ
545 558 607 620 τῶν
628 552 834 639 Πανελλήνων
855 555 955 641 istst)

113 638 165 707 lta
184 637 348 704 Timocreo
370 639 446 703 dixit
463 661 481 703 a
501 641 539 705 ud
559 639 712 706 Plutarch.
734 642 786 707 vit.
807 641 1020 706 Themistoclis
1043 663 1068 708 o.
1081 642 1139 708 tl:

197 722 287 788 Ἀλλ’
312 727 339 787 εἰ
358 721 429 806 τάγε
486 726 634 789 αυσανίαν
655 723 674 808 ή
696 727 747 788 καὶ
769 723 839 810 τόγε
860 723 1047 795 Ξάνθιππον
1068 728 1174 804 αλνίεις

195 804 244 872 Ἢ
261 803 333 891 τόγε
352 811 564 891 Λευτυχίδαν,
597 806 655 894 ἐγὼ
676 810 707 875 δ’
728 809 915 896 Ἀριστείδαν
936 810 1065 876 ἕπαινέω

195 889 303 976 ’strip'
326 893 412 974 ἱερᾶν
439 893 495 957 ἀπ’
517 892 656 962 Ἀθανᾶν

197 976 328 1041 'Rauen
349 980 402 1042 ἕνα
423 983 551 1065 λῷστον,
572 982 634 1044 dael
659 976 863 1062 Θεμιστοκλή
887 976 1007 1065 ήχθαρε
1028 975 1140 1048 Ausul.

114 1062 282 1153 Sophocles
303 1063 336 1126 in
357 1063 451 1128 Aiace
473 1087 502 1133 v.
524 1065 621 1130 1339:

207 1146 274 1213 otu
295 1143 536 1228 άντατιμάσαιμ’
560 1146 613 1227 dv,
636 1146 713 1214 ὥστε
732 1147 777 1231 μή
799 1148 894 1232 λέγειν

195 1228 270 1295 ‘Er'
294 1230 385 1317 ἄνδρ’
409 1235 482 1297 ἰδεῖν
503 1230 638 1318 άριστον.

115 1316 264 1384 Similiter
283 1319 372 1381 etiam
391 1318 514 1399 Latini,
557 1326 590 1383 ut
615 1326 662 1383 est
686 1318 718 1381 in
743 1317 828 1383 titulo
855 1317 1037 1381 monumenti
1062 1316 1102 1380 L.
1125 1315 1287 1381 Stilonis:

115 1400 235 1469 HONC
263 1401 606 1468 01NOPL01RUME
640 1400 914 1469 COSENTIONT
941 1401 1052 1464 pere
1087 1338 1288 1467 Duol'fflto

115 1484 441 1586 OPTUMOuUISE
463 1486 581 1570 UlRO,
608 1510 730 1573 quocum
750 1509 902 1586 compares
923 1486 1052 1585 elogium
1072 1486 1145 1550 illud
1168 1489 1199 1550 in
1220 1486 1288 1551 Ati-

113 1570 187 1638 lium
216 1569 402 1652 Calatinum,
435 1573 510 1721 ppod
541 1574 651 1660 legitur
678 1572 756 1660 apud
783 1570 958 1637 Ciceronem
979 1594 1011 1634 1n
1034 1569 1148 1636 Catone
1169 1571 1288 1637 Maiore

113 1678 141 1722 c.
163 1658 217 1722 17.
238 1656 326 1721 etde
346 1656 416 1720 Fin.
469 1659 556 1722 .35:
599 1662 775 1721 Plurimae
798 1665 1010 1720 consentinae
1030 1672 1148 1736 genter
1166 1662 1287 1734 populi

108 1748 316 1820 primarium
328 1747 446 1818 fetere
461 1751 568 1804 ολνιιιιι
591 1744 640 1805 ubi
660 1742 744 1826 lego:
766 1741 905 1824 inquom
927 1740 998 1804 illud
1021 1740 1164 1827 elogium:
1187 1745 1288 1805 Ηιιιια

111 1848 221 1890 mm
240 1825 382 1912 plurimae
404 1836 457 1890 eto.
479 1847 533 1913 pro
559 1827 641 1911 vulg.
663 1824 793 1910 elogium
814 1825 940 1889 unicum.

206 1907 292 1982 Quod
321 1918 415 1974 autem
444 1909 585 1975 Cratinus
619 1908 772 1974 Cimonem
804 1909 941 1996 optimum
968 1906 1175 1988 Πανελλήνιον
1201 1909 1286 1973 dicit:

112 1993 152 2058 in
172 1993 232 2057 hoc
251 1993 314 2082 ipso
332 1994 541 2059 Archilochum
563 2002 681 2059 secutus
702 1993 837 2057 videtur:
859 2013 954 2077 neque
976 1992 1054 2056 enim
1077 1993 1192 2057 videtur
1211 1993 1287 2057 haee
1346 1986 1351 1997 ⁴

113 2076 274 2165 appellatio
294 2100 348 2143 usu
371 2087 401 2143 et
420 2081 499 2144 ritae
520 2079 681 2144 communis
702 2077 914 2143 consuetudine
935 2076 1004 2141 trita
1024 2077 1136 2141 finisse:
1173 2079 1285 2166 primus

109 2162 263 2227 communi
278 2163 352 2262 ,hoc
371 2165 489 2228 nomine
512 2165 642 2229 Graecos
664 2163 923 2253 comprehendisse
945 2162 1061 2226 videtur
1082 2161 1232 2228 Hesiodus
1253 2164 1284 2227 in

110 2246 172 2337 ΟΡ.
194 2247 361 2396 {iil->leidis
374 2249 507 2397 :deiide
528 2332 649 2417 ἀνδρῶν
669 2327 768 2414 δῆμόν
788 2356 820 2394 τε
842 2327 930 2394 πόλιν
950 2355 982 2395 τε

199 2419 407 2502 Στρωφᾶται,
442 2415 571 2501 βράδιον
593 2419 626 2482 δὲ
646 2413 873 2498 Πανελλήνεσσι
895 2417 1018 2501 φαείνει.

108 2498 156 2567 Et
174 2501 254 2566 idem
276 2503 334 2566 alio
355 2503 436 2586 loco,
458 2505 494 2568 de
516 2525 572 2588 quo
594 2501 702 2567 Strabo
723 2502 765 2567 L.
786 2500 870 2568 Vlll.
891 2523 920 2588 p.
943 2503 1015 2564 370.
1038 2501 1171 2564 disserit:
1202 2503 1283 2586 Περὶ

109 2585 149 2651 δὲ
168 2591 225 2667 τῆς
239 2582 394 2663 Ἔλλάδος
419 2591 470 2651 καὶ
486 2585 643 2668 Ἑλλήνων
665 2587 715 2649 καὶ
735 2583 941 2666 Πανελλήνων
962 2584 1160 2667 ἀντιλέγεται·
1199 2585 1286 2648 Θου-

109 2672 241 2754 κυδίδης
260 2671 394 2757 μὲνγὰρ
421 2673 483 2745 τόνΙ
502 2672 630 2757 ποιητήν
649 2673 799 2753 μηδαμοῦ
820 2666 999 2750 βαρβάρους
1021 2674 1112 2733 εἰπεῖν
1133 2671 1209 2754 φησὶ
1232 2669 1284 2733 διδ

106 2754 150 2821 td
176 2755 256 2839 μηδὲ
275 2754 431 2839 Ἕλληνάς
457 2783 505 2821 πω
532 2757 567 2822 τό
595 2758 761 2821 ἀντίπαλον
789 2758 831 2830 είς
861 2752 895 2818 ‘dr
922 2754 1019 2834 ὄνομα
1051 2754 1283 2839 ἀποκεκρίσθαι.

111 2840 182 2905 Kal
202 2840 433 2928 Ἀπολλόδωρος
457 2843 491 2906 δὲ
515 2840 629 2922 μόνους
656 2839 727 2915 τοὺς
754 2842 786 2903 ἓν
815 2841 972 2927 Θεσσαλία
998 2845 1159 2904 καλεῖσθαι
1190 2843 1285 2925 φησὶν

99 2922 279 3007 Ἓλληνας,
301 2924 447 2992 Ἡσίοδον
466 2927 569 3009 μίντοι
591 2929 641 2990 καὶ
658 2925 834 3006 Ἀρχίλοχον
854 2923 914 3007 ήδη
936 2923 1045 2989 εἰδέναι
1063 2927 1113 2988 καὶ
1127 2922 1285 3007 Ἓλληνας

108 3011 292 3093 λεγομένους
319 3012 389 3087 τοδς
409 3009 591 3094 σύμπαντας
617 3014 668 3074 καὶ
688 3010 909 3090 Πανέλληνας·
937 3009 990 3074 τὸν
1016 3010 1072 3090 μὲν
1099 3012 1166 3094 περὶ
1186 3013 1284 3094 Πρω·

107 3096 265 3182 τίδωνλλ)
288 3096 443 3181 λέγοντας,
475 3094 516 3174 ὡς
536 3096 729 3181 Πανέλληνες
751 3092 934 3179 ἐμνήστευον
956 3091 1066 3171 αὐτάς·
1093 3094 1147 3158 τὸν
1169 3094 1218 3158 δί’

184 3331 211 3399 ⁸)
248 3333 293 3387 Sic
309 3333 388 3384 etiam
405 3333 433 3385 in
449 3333 598 3385 Aristotelis
615 3333 702 3385 verbis
719 3349 753 3385 ex
769 3331 837 3397 libro
854 3333 887 3385 de
903 3330 999 3400 poetis,
1016 3348 1083 3398 quae
1100 3333 1224 3394 leguntur
1240 3349 1283 3451 ap.

107 3400 279 3455 Athenaeum
301 3402 349 3454 Xl.
375 3420 402 3469 p.
426 3401 486 3454 505.
512 3403 542 3453 B.
568 3418 615 3468 pro
645 3392 772 3466 πρώτους
800 3400 967 3452 scribendum
996 3404 1050 3452 est:
1088 3393 1196 3450 Οὐκοῦν
1219 3396 1284 3451 orit

108 3468 270 3538 ἐμμέτρους
286 3463 347 3526 τούς
364 3469 552 3537 καλουμένους
568 3462 723 3535 Σιόιγρονος
736 3471 841 3536 μίμους
857 3461 896 3533 μή
914 3466 1015 3535 φῶμεν
1032 3457 1104 3517 εἶναι
1120 3460 1221 3535 λόγους
1237 3468 1285 3518 καλ

106 3528 245 3607 μιμήσεις
260 3529 277 3600 ἢ
294 3530 357 3593 τούς
369 3532 553 3607 Ἀλεξαμενοῦ
570 3538 617 3587 τοῦ
637 3531 722 3600 Τηίου
740 3530 802 3592 τούς
819 3527 955 3606 πρότερον
972 3535 1131 3605 γραφέντας
1147 3535 1202 3586 τῶν
1218 3536 1284 3587 Σω-

108 3603 251 3677 κρατικῶν
273 3602 421 3671 διαλόγων.

183 3687 227 3752 ”)
252 3687 363 3740 Dixerat
379 3687 429 3739 hoo
446 3687 577 3740 Hesiodus
593 3687 622 3738 in
639 3689 759 3751 catologo
777 3686 931 3741 mulierum:
948 3687 980 3737 ad
998 3687 1109 3737 eundem
1120 3688 1206 3739 loourn
1224 3704 1286 3756 per-

108 3756 201 3811 tinent
217 3762 269 3808 tres
287 3771 393 3819 versus,
410 3771 476 3823 quos
501 3756 616 3808 servavit
637 3754 792 3808 ldustathius
815 3754 849 3805 ad
872 3754 923 3809 0d.
946 3754 1017 3807 Xlll.
1036 3773 1062 3823 p.
1079 3754 1160 3808 1746:
1192 3749 1285 3825 Ἡρω-

110 3817 212 3945 διιρινδς
234 3824 313 3892 (μέρει
341 3822 389 3872 καὶ
412 3823 515 3890 χρῆσιν
544 3821 575 3873 ἐκ
597 3823 644 3874 τοῦ
669 3817 745 3893 παρὰ
765 3817 888 3886 Ἡσιόδῳ
914 3814 1070 3889 καταλόγου
1101 3824 1167 3894 περὶ
1194 3824 1285 3894 Προι-

108 3908 126 3943 τ
157 3903 216 3944 ων·

96 3964 99 3969 “
267 3957 325 4008 Καὶ
341 3950 395 4027 γάρ
413 3970 483 4025 σφιν
500 3956 634 4026 κειγαλήσι
653 3950 722 4008 κατά
740 3952 823 4015 κνάος
840 3951 1047 4024 αλνδνζέχευεν·

260 4016 365 4093 ’Ἀλφος
381 4020 435 4092 γάρ
450 4019 523 4094 χρόα
542 4016 633 4075 πάντα
652 4021 830 4092 κατίσχναιε),
848 4023 879 4076 ἐκ
897 4023 930 4076 δέ
940 4040 975 4075 νυ
988 4026 1085 4091 χαῖται

262 4082 378 4163 Ἐρρεον
395 4092 424 4144 εκ
442 4093 602 4160 κεφαλέων·
620 4093 725 4159 ψίλωτο
744 4090 775 4143 δὲ
792 4087 862 4143 καλὰ
880 4086 997 4162 κάρηνα.
1043 4141 1047 4150 ,

109 4160 160 4216 δὶα
182 4158 254 4211 eninr
276 4160 399 4213 videntur
423 4160 451 4214 hi
473 4177 566 4212 uersus
584 4160 733 4224 corrigendi
749 4177 822 4214 esse:
845 4161 938 4214 eodem
955 4159 1071 4229 pertinet
1086 4177 1178 4213 versus
1196 4178 1287 4215 serra·

110 4226 293 4357 λιτμθρςδυίδα
309 4243 333 4280 s.
349 4246 375 4288 v,
392 4226 581 4298 Μαχλοσόνιγ·
611 4228 713 4281 litiano
737 4220 914 4298 μαχλοσύνης
936 4229 1068 4299 στυγερῆς
1085 4231 1162 4303 τέρεν
1179 4222 1286 4282 ὤλεσαν
