2768 4770
319 208 378 275 DE
398 207 540 282 naulo.
562 204 749 274 COMOED.
769 204 876 273 A'r'r.
897 206 1041 283 Adule.
1198 208 1261 274 roo

100 378 284 458 emendaret,
306 398 379 461 aque
400 375 449 440 dei
469 374 573 439 notitia
593 381 624 438 et
643 374 833 440 veneratione
854 374 1052 456 abstraheret,
1079 395 1153 459 quae
1180 382 1261 440 esset

98 476 166 531 nota
179 463 217 528 ad
235 462 328 526 divini
344 461 473 524 numinis
484 466 655 545 potestatem
667 459 884 523 illustrandam:
904 461 1001 607 itapue
1018 480 1077 522 non
1089 460 1198 523 iniuria
1215 459 1260 523 illi

115 547 265 636 bilosophi
285 566 400 610 omnem
425 544 599 692 religponem
620 544 783 628 cultumque
804 543 922 609 deorum
966 544 1082 607 unditus
1106 545 1263 608 sustulisse

135 634 191 697 biti
204 638 283 696 sunt
310 629 474 697 Verissime
514 629 573 692 lato
593 628 629 693 de
642 628 780 716 Legibus
794 627 863 691 ΧΠ.
877 650 905 738 p.
916 629 979 693 967
990 627 1037 692 E:
1054 624 1093 694 ‘0
1107 629 1166 712 γάρ
1188 628 1263 692 ἰδῶν

98 723 197 783 ταῦτα
217 714 262 797 μὴ
288 711 415 799 φαύλως
434 711 511 794 μηδ’
535 715 707 786 ἰδιωτικῶς,
737 711 835 787 οὐδεὶς
856 737 953 787 ουτως
973 710 1068 789 άθεος
1088 710 1262 797 ἀνθρώπων

99 803 171 867 ποτὲ
193 800 340 885 πίφυκεν,
371 795 404 873 ὃς
425 795 461 861 οά
487 796 665 862 τοῦναντίον
695 794 811 860 ἔπαθεν
831 793 851 878 ἢ
872 797 907 860 τὸ
929 795 1182 882 προσδοκώμενον
1202 795 1263 862 ὑπὸ

98 893 159 952 τῶν
187 889 324 948 πολλῶν·
357 883 386 946 οἳ
405 883 461 962 μέν
481 881 539 967 γὰρ
562 884 755 946 διανοοῦνται
780 880 854 956 τοδς
879 880 1068 945 τὰτοιαῦτα
1092 907 1264 966 μεταχειρι-

98 969 252 1053 σαμένους
277 966 463 1055 ἀστρονομίᾳ
488 990 521 1030 τε
541 969 593 1031 καλ
622 976 689 1041 ταῖς
714 964 792 1045 μετά
811 962 926 1047 ταότης
951 965 1130 1050 ἀναγκαίαις
1157 965 1265 1044 ἀλλοις

89 1056 218 1139 ’τέχναις
246 1053 360 1127 ἀθέους
387 1053 559 1134 γίγνεσθαι,
601 1046 840 1132 καθεωρακότας
870 1046 912 1126 ῶς
944 1046 1009 1114 οἷόν
1042 1075 1073 1113 τε
1104 1048 1264 1135 γιγνόμενα

101 1140 247 1224 ἀνάγκαις
280 1134 455 1223 πράγματ’,
489 1134 559 1199 ἀλλ’
590 1135 627 1199 οὗ
659 1136 807 1210 διανοίαις
837 1130 1011 1217 βουλήσεως
1037 1133 1167 1219 ἀγαθῶν
1195 1137 1264 1221 πίρι

100 1223 305 1305 τελουμένων·
327 1226 392 1284 κτλ.
407 1221 457 1283 ubi
484 1242 547 1284 cum
569 1219 695 1284 dixisset
714 1220 904 1318 philosophos
926 1220 1142 1285 amultitudine
1162 1222 1265 1310 impie-

102 1312 171 1377 tatis
200 1306 366 1372 insimulari
387 1305 489 1369 solitos
510 1325 578 1368 esse
600 1312 630 1368 et
655 1305 770 1393 priores
791 1304 982 1392 plnlosophos
1007 1326 1106 1369 rerum
1128 1314 1264 1372 naturam

102 1416 178 1481 quae
199 1399 280 1457 esset
299 1411 358 1454 non
379 1391 585 1477 perspexisse,
612 1398 698 1473 atque
719 1410 809 1476 saepe
830 1390 888 1453 sibi
909 1387 1097 1453 adversantia
1118 1389 1264 1473 docuisse,

101 1478 237 1545 veritatis
258 1484 356 1539 tanmn
377 1474 501 1558 aliquam
522 1473 649 1561 speciem
664 1473 830 1555 divinasse,
851 1494 907 1558 quo
947 1474 1044 1538 uidem
1065 1475 1183 1540 nomine
1204 1498 1265 1540 ma-

101 1565 184 1630 xime
195 1566 409 1668 Anaxagoram
430 1564 522 1639 notat,
544 1557 650 1621 deinde
672 1558 785 1645 pergit:
810 1557 904 1621 Ταῦτ’
927 1493 965 1640 ἀν
984 1558 1023 1621 τά
1043 1555 1112 1623 τότε
1133 1562 1263 1646 ἐξειργω

101 1647 201 1731 spera
223 1649 338 1719 πολλας
352 1639 523 1724 ἀθεότητας
542 1643 593 1703 καὶ
615 1642 789 1725 δυσχερείας
808 1647 870 1705 τῶν
889 1639 1038 1706 τοιοότων
1051 1641 1215 1709 ἅπτεσθαι.
1237 1652 1268 1710 et

102 1734 141 1800 ob
161 1731 194 1797 id
215 1731 310 1819 ipsum
331 1727 415 1792 docet
439 1725 630 1814 philosophos
651 1747 671 1788 a
689 1726 784 1812 poetis
811 1727 1008 1813 reprehensos
1031 1750 1113 1792 esse:
1140 1731 1206 1792 Kal
1227 1730 1267 1811 δὴ

103 1818 156 1883 καλ
187 1809 373 1898 λοιδορήσεις
399 1834 432 1895 γε
463 1811 601 1892 ἐπῆλθον
627 1819 782 1891 ποιηταῖς,
823 1809 897 1885 τοὺς
925 1816 1172 1896 φιλοσοφοῦντας
1198 1817 1267 1878 κυσὶ

103 1900 252 1985 ματαίαις
277 1891 483 1972 ἀπεικάζοντες
512 1891 715 1975 χρωμέναισιν
740 1889 869 1969 duanam
899 1893 1074 1982 (legendum
1099 1899 1269 1978 χρωμένοι-

103 1987 168 2073 σιν)
196 2006 270 2071 quae
291 1983 418 2046 sortasse
449 2000 489 2042 ex
511 1977 663 2065 Aeschylo
689 1984 758 2043 sunt
778 1979 884 2067 petita,
915 1979 1057 2064 siquidem
1084 1981 1094 2044 i
1115 2003 1149 2046 sa
1178 1984 1268 2047 verba

104 2070 239 2137 mavit
257 2067 362 2147 Plato,
384 2063 532 2128 simillima
552 2070 649 2128 autem
669 2063 743 2127 haec
763 2070 833 2127 sunt
852 2065 906 2145 iis,
928 2084 1002 2148 quae
1024 2064 1060 2128 de
1129 2066 1207 2154 publ.
1228 2068 1268 2132 X.

73 2154 76 2159 ’
103 2178 134 2265 p.
154 2156 221 2221 607
242 2151 278 2218 (λ
301 2150 389 2215 dixit:
416 2148 638 2233 Προσείπωμεν
664 2147 698 2211 δὲ
719 2147 812 2232 αάτῇ,
837 2147 882 2230 μὴ
903 2150 958 2211 καί
981 2172 1048 2212 τινα
1075 2149 1269 2236 σκληρότητα

103 2245 195 2325 ημῶν
222 2239 272 2302 καλ
294 2231 451 2319 ἀγροικίαν
477 2238 617 2320 καταγνῷ
624 2279 634 2310 ,
661 2230 707 2296 ὅτι
735 2233 850 2296 παλαιοὶ
876 2235 934 2313 μέν
953 2256 1000 2309 τις
1024 2236 1160 2321 διαφορὰ
1181 2242 1270 2342 φιλο-

105 2350 127 2392 σ
183 2346 257 2413 ριτε
278 2322 330 2384 καλ
356 2323 511 2402 ποιητικῇ·
539 2319 590 2397 καλ
611 2316 668 2401 γὰρ
695 2313 927 2400 ήλακέρυζα
954 2318 1052 2402 πρὸς
1079 2323 1270 2386 δεσποταν

107 2433 208 2476 τυων
234 2407 328 2486 ἐκείνη
356 2399 618 2487 κραυγάζουσα
637 2404 696 2485 ,καλ
720 2402 811 2484 μίγας
836 2404 868 2466 ἐν
889 2401 1032 2487 ἀφρόνων
1053 2409 1270 2489 κενεαγορίαισι

106 2496 160 2561 καλ
180 2489 199 2556 ὃ
221 2496 281 2556 τῶν
292 2487 358 2554 Διά
369 2493 475 2574 σοφῶν
496 2485 585 2568 ἀχλος
605 2491 726 2571 κρατῶν
747 2486 838 2550 καλοῖ
858 2491 973 2563 λεπτῶς
992 2495 1202 2571 μεριμνῶντες,
1225 2490 1271 2555 ὅτι

107 2577 171 2664 ἀρα
192 2575 332 2641 σίνονται
353 2575 404 2638 καὶ
425 2570 505 2636 ἀλλα
521 2571 617 2655 μυρία
638 2580 749 2653 σημεῖα
770 2575 903 2647 παλαιᾶς
924 2571 1124 2650 ἐναντιώσεως
1144 2572 1271 2639 τοότων.

107 2684 184 2751 quae
213 2661 328 2747 quidem
354 2659 476 2723 crimina
502 2678 541 2722 ex
566 2656 743 2744 lyricorum,
772 2657 831 2721 alia
862 2677 901 2722 ex
927 2658 1122 2745 tragicorum,
1148 2660 1207 2724 alia
1232 2683 1272 2726 ex

108 2747 285 2814 comicorum
304 2752 455 2833 poetarum
476 2742 652 2808 carminibus
673 2742 764 2830 petita
785 2762 852 2806 esse
872 2742 1018 2807 videntur.
1051 2743 1092 2807 Et
1112 2744 1272 2834 Euripides

109 2852 241 2932 qnoque,
262 2830 331 2894 licet
351 2850 391 2893 ex
411 2827 613 2916 Anaxagorae
639 2826 794 2913 disciplina
819 2828 967 2913 profectus
989 2828 1062 2892 nihil
1084 2837 1205 2894 naturae
1227 2832 1273 2895 in-

108 2915 308 3001 vestigatione
335 2914 456 2994 melius,
483 2913 558 2977 nihil
583 2912 701 2976 felicius
731 2918 781 2975 aut
807 2912 937 2975 sanctius
963 2913 1191 2997 existimaverit,
1214 2915 1274 2984 vid.

107 3022 217 3068 versus
238 3019 311 3084 quos
331 2996 470 3062 Clemens
491 2996 542 3062 Al.
564 2995 673 3062 Strom.
694 2995 748 3066 IV.
768 3017 798 3086 p.
818 2995 883 3061 536
903 2995 1006 3060 affert:

187 3082 316 3165 Ὄλβιος
336 3080 419 3156 ὅστις
434 3087 488 3164 τῆς
505 3082 641 3167 λοτορίας

188 3167 280 3250 Ἔσχε
299 3163 448 3248 μάθησιν,

195 3249 290 3333 Μήτε
310 3255 443 3314 πολιτῶν
463 3250 512 3315 ἐπὶ
533 3245 696 3357 πημοσάνγγ

199 3334 295 3417 Μήτ’
319 3338 361 3411 εἰς
380 3334 505 3410 ἀδίκους
525 3332 647 3417 πράξεις
668 3336 781 3415 ορμῶν,

191 3419 279 3488 Ἀλλ’
303 3417 464 3483 ἀθανάτου
485 3424 631 3505 καθορῶν
651 3417 772 3504 φάσεως

198 3503 329 3587 Κόσμον
348 3502 470 3589 ἀγήρω,

198 3593 253 3671 Πῆ
274 3613 306 3654 τε
327 3590 455 3671 συνίστη
477 3587 527 3651 καὶ
549 3582 609 3668 dun
630 3588 682 3649 καλ
703 3582 799 3661 ὅπως·

202 3679 278 3749 Τοῖς
298 3673 332 3737 δὲ
351 3671 500 3748 τοιοότοις
522 3670 665 3736 οὐδέποτ’
690 3674 825 3756 αἰσχρῶν

190 3757 311 3844 Ἔργων
329 3759 484 3840 μελέτημα
505 3758 649 3839 προοίζει.

111 3847 193 3913 idem
214 3851 312 3909 nmen
333 3843 493 3908 cavendum
514 3863 582 3905 esse
603 3840 715 3905 monuit
735 3841 771 3903 ab
792 3838 880 3903 nimis
906 3843 1037 3903 tortuosa
1056 3839 1159 3905 harum
1180 3862 1279 3906 rerum

134 3930 365 4010 erscrutatione,
394 3949 468 4013 quae
488 3926 578 4015 impia
599 3925 639 3989 sit
658 3932 812 4008 rectaeque
834 3924 943 3988 rationi
964 3924 1151 4006 adversetur,
1177 3934 1279 3990 contra

112 3954 220 4083 lelices
242 4034 327 4094 esse,
348 4014 397 4098 qui
417 4032 514 4077 rerum
536 4018 670 4075 naturam
691 4029 727 4073 eo
749 4029 805 4093 quo
845 4031 879 4073 ar
900 4015 946 4073 est
966 4009 1063 4073 animo
1085 4018 1196 4074 contem
1218 4011 1280 4091 lati,

114 4100 218 4167 divina
227 4097 424 4249 providentia
443 4096 542 4162 omnia
553 4094 753 4160 administrari
773 4030 990 4175 intellexerint,
1010 4092 1070 4159 vid.
1083 4032 1216 4161 clemd

114 4184 155 4255 V·
177 4206 207 4273 [t.
251 4184 307 4247 13:

1221 4096 1279 4161 lex.
