2760 4792
150 266 213 329 372
534 256 938 328 COMMENTATIONES

229 423 427 578 Ἀπρδσοδον,
448 422 617 509 ὀξύθυμον,
639 423 769 511 ι’ίγαμον,
790 424 911 512 ἄζυγον,

227 515 281 598 Ἅγ
295 520 423 596 λαατον,
444 509 639 590 ἀδιοίλεκτον,
660 507 873 596 ῖδιογνώμονα.
1265 522 1268 527 “

148 614 198 678 Ex
219 614 321 679 eadem
341 614 443 679 fabola
462 614 591 679 fortasse
611 613 734 702 petitum
755 620 815 695 est,
847 610 924 699 quod
943 609 1055 677 Pollux
1074 608 1321 695 111.48·affort‚

150 700 199 764 uhi
219 699 405 765 scribendum
425 705 509 787 puto:
784 736 790 747 =

459 783 661 863 Τηλικουτοσί
682 779 779 867 γίροιν

224 864 348 944 ”snare
370 862 543 949 ἀγδναικος.

167 974 221 1016 uae
247 952 348 1016 eadem
376 951 412 1015 de
438 950 616 1037 Monotropo
643 948 720 1013 dicta
746 948 889 1013 arbitror:
917 946 1055 1012 conferas
1081 944 1261 1039 Sophoclem
1285 948 1319 1015 iu

147 973 326 1102 libamento
350 1036 425 1124 apud
448 1034 647 1101 Choerobosc.
666 1033 805 1098 Bekkeri
826 1033 868 1097 T.
888 1031 943 1097 Ill.
964 1053 993 1120 ρ.
1015 1030 1113 1101 leotz

227 1132 290 1211 Ὣς
312 1133 522 1211 dudinsarte
543 1130 688 1218 κᾶγδναιξ
709 1133 875 1208 κάνίστιος.

231 1253 410 1337 Quamquam
432 1258 528 1317 autem
538 1252 729 1337 Phrynichus
750 1251 827 1315 hanc
847 1248 977 1315 fabulam
998 1270 1034 1314 eo
1054 1255 1186 1338 tempore
1205 1248 1315 1333 docuit,

146 1358 202 1422 quo
239 1339 333 1401 fruteta
366 1343 430 1400 erat
464 1337 676 1421 artissirnisq'ue
707 1336 832 1401 vinculis
869 1334 1047 1399 circumdata
1078 1334 1208 1399 comicae
1242 1334 1315 1401 ulfi·

146 1423 274 1503 licentia,
296 1441 355 1484 non
383 1428 482 1485 tamen
509 1422 649 1486 abstinuit
672 1442 795 1509 prorsus
816 1443 834 1484 a
855 1419 1040 1505 singulorum
1061 1417 1211 1495 hominum
1231 1418 1316 1485 velli·

145 1508 260 1570 catione
280 1513 311 1569 et
331 1506 485 1592 vituperio.
506 1505 553 1570 lta
573 1508 667 1594 ipsum
688 1505 771 1569 illum
791 1504 1000 1592 Syracosium,
1021 1504 1099 1592 legis
1120 1502 1219 1584 illius,
1239 1524 1315 1591 quoe

145 1590 345 1655 lascivientem
357 1589 535 1655 comoediam
557 1592 695 1671 coercuit,
712 1597 869 1669 auctorem,
891 1588 1081 1653 acerbissime
1101 1586 1234 1669 vexavit,
1253 1588 1314 1655 vid.

145 1674 244 1738 Schol.
265 1673 419 1762 Aristoplr.
440 1672 520 1741 Avv.
542 1676 635 1742 1297.
678 1674 740 1739 Sed
771 1696 810 1738 ne
835 1673 940 1738 Niciae
967 1672 1083 1759 quidem
1108 1672 1175 1737 viro
1204 1672 1313 1737 otimo

145 1768 174 1823 et
194 1758 354 1823 iustissimo
376 1760 520 1846 pepercit,
541 1767 574 1823 ut
595 1783 611 1823 a
632 1766 716 1849 paret
736 1779 775 1823 ex
794 1759 947 1838 versibus,
969 1778 1042 1842 quos
1063 1756 1173 1823 Suidau
1228 1802 1238 1823 .
1256 1755 1313 1824 ΠΙ.

143 1865 172 1932 p.
193 1844 258 1911 538
279 1847 417 1907 servavit.
460 1843 544 1916 Quae
564 1782 657 1909 verha
678 1845 721 1908 sic
742 1844 899 1908 scribenda
919 1841 1073 1907 videntur:

231 1940 321 2007 Ofd’·
342 1941 412 2006 ἀλλ’
435 1941 642 2028 ὑπερβέβληκε
663 1943 742 2008 πολδ
762 1942 816 2009 τὸν
836 1943 950 2008 Νικίαν

226 2020 418 2112 Στρατηγίας
438 2027 549 2112 πλήθει
570 2053 602 2093 τε
623 2023 857 2114 κάξευρήμασιν.

143 2128 218 2195 Cum
245 2129 349 2214 quihus
380 2129 480 2193 verbis
513 2129 641 2193 fortasse
676 2129 858 2276 ionffiendum
890 2135 938 2194 est
969 2128 1191 2228 fragmentum,
1234 2126 1311 2215 quod

140 2214 259 2278 fabulae
284 2213 402 2276 nomine
434 2212 543 2277 omisso
576 2214 708 2277 servavit
761 2213 910 2279 lutarchns
942 2214 976 2278 in
1002 2220 1062 2278 vita
1086 2212 1193 2278 hirciae
1223 2234 1251 2279 c.
1269 2212 1310 2279 4:

141 2299 310 2446 ἒΥποδηλοῖ
326 2296 359 2360 δὲ
380 2299 429 2360 καί
443 2293 595 2382 Φρύνιχος
615 2295 650 2362 τδ
672 2296 811 2384 ἀθαρσὲς
832 2296 928 2363 αὐτοῦ
949 2300 1002 2364 καὶ
1022 2296 1311 2383 καταπεπληγμένον

156 2407 173 2446 ν
192 2405 295 2446 wilm!
319 2401 329 2420 ⁸

215 2458 276 2529 Ἦν
296 2406 353 2549 {du
376 2466 501 2548 πολίτης
521 2463 657 2550 ἀγαθός,
679 2462 722 2542 ὡς
743 2456 776 2530 εδ
798 2464 857 2531 οἷδ’
882 2463 950 2550 ἐγώ,

223 2549 315 2632 Iloo‘yv
335 2547 497 2635 ὑποταγεὶς
516 2548 653 2632 ἐβάδιζεν
673 2549 774 2636 ὥσπερ
794 2552 917 2627 Νικίας.

138 2651 216 2716 Nam
237 2652 284 2716 his
307 2671 419 2737 quoque
439 2652 576 2715 versibus
597 2652 640 2716 ita
660 2659 844 2752 comparatur
863 2651 964 2717 nescio
985 2651 1051 2739 quis
1072 2672 1137 2717 oum
1156 2650 1257 2735 Nicia
1275 2656 1311 2717 ut

139 2736 167 2800 ei
186 2736 382 2825 praeferatur.
421 2736 526 2820 Neque
546 2735 651 2800 mirum
671 2736 776 2802 Niciae
797 2737 979 2802 timiditatem
999 2737 1106 2802 sidem:
1128 2758 1207 2801 anno
1228 2735 1310 2803 enim

138 2830 206 2885 ante
228 2821 412 2885 dissuaserat
431 2820 646 2909 expeditionem
669 2820 807 2887 Siculam.
849 2821 1011 2886 Praeterea
1038 2820 1216 2886 mentionem
1235 2840 1310 2907 quo-

137 2926 192 2990 que
219 2903 456 2999 fecikMetonis,
484 2905 543 2970 vid.
565 2904 665 2971 Schol.
686 2906 842 2995 Aristoph.
862 2905 942 2972 Avv.
962 2905 1043 2984 997,
1071 2903 1181 2971 Suidas
1202 2904 1245 2971 Τ.
1264 2904 1309 2973 ΙΙ.

136 3011 165 3077 p.
185 2988 259 3064 544,
281 2990 330 3075 q'ui
352 2988 467 3075 quidem
490 3011 594 3053 versus
615 2990 674 3053 iam
695 3013 786 3079 supra
806 2993 848 3056 ita
869 2991 997 3055 restituti
1019 2996 1102 3054 sunt:

219 3077 264 3139 A.
287 3076 345 3150 Τίς
364 3071 396 3138 δ’
419 3074 501 3138 ἐστὶν
523 3069 538 3137 ὃ
560 3074 637 3154 μετὰ
657 3081 757 3139 ταῦτα
778 3078 964 3160 φροντίζων,·
1007 3077 1048 3139 Β.
1068 3071 1187 3143 Μίτυν

216 3156 254 3224 Ὁ
274 3155 478 3236 Λευκονοεύς.
519 3161 558 3222 Β.
576 3145 707 3250 ’lasum
729 3156 746 3225 ὁ
768 3159 824 3237 τδς
844 3161 957 3246 κρήνας
978 3158 1070 3243 δίγων.

134 3259 165 3324 ls
194 3259 261 3344 quid
289 3261 408 3340 feccrit,
450 3268 605 3346 antequam
630 3260 833 3327 Athenienses
861 3260 983 3326 Siciliae
1009 3259 1118 3325 bellom
1145 3258 1308 3339 inferrent,

134 3344 219 3408 docet
238 3343 416 3409 Plutarchus
437 3344 470 3408 in
490 3345 552 3409 vita
571 3347 675 3410 Niciae
698 3369 722 3412 ο.
745 3347 800 3410 13;
834 3346 905 3411 Εἴτε
926 3344 965 3428 δὴ
986 3349 1085 3408 ταῦτα
1106 3344 1225 3421 δείσας,
1245 3340 1305 3407 εἴτ’

133 3427 319 3514 ἀνθρωπίνῳ
340 3433 476 3515 λογισμῷ
500 3429 557 3511 τήν
576 3431 739 3514 στρατείαν
759 3433 912 3517 φοβηθείς
933 3426 950 3495 δ
972 3423 1158 3515 ἀστρολόγος
1178 3428 1306 3509 Μέτων,

131 3503 169 3594 ἦν
190 3511 253 3619 γὰρ
281 3510 335 3615 dm:
357 3509 518 3618 ἡγεμονίας
542 3514 624 3621 τινδς
656 3516 851 3623 τεταγμένος,
886 3523 1103 3621 προσεποιεῖτο,
1120 3511 1178 3595 τήν
1206 3514 1308 3620 οἰκίαν

131 3621 548 3766 ἷίλῗξ’λ..ἵ’ζηῖἑλῃίωῖἑ,ι
561 3597 1306 3771 ittitttttttttf‘ttftttttfta‘tdf

131 3767 182 3829 xci
214 3769 336 3829 δεῖσθαι
364 3771 426 3830 τῶν
451 3771 598 3846 πολιτῶν,
632 3767 714 3846 ὅπως
744 3771 792 3835 ἐπί
822 3774 970 3860 συμφορᾷ
998 3764 1129 3853 ποιαιίτη
1156 3766 1212 3831 τδν
1235 3764 1306 3833 vito

130 3849 243 3928 αδτοδ,
269 3850 420 3930 μέλλοντα
442 3856 525 3915 πλεῖν
545 3850 731 3940 τριήραρχον
759 3857 801 3933 είς
821 3857 977 3931 Σικελίαν,
1004 3852 1108 3940 ἀφῶσι
1128 3856 1184 3936 τῆς
1204 3876 1305 3937 στρο-

129 3937 220 4011 τείας.
264 3934 314 4001 cf.
334 3937 386 4003 vit.
406 3935 569 4003 Alcibiadis
591 3962 617 4005 c.
639 3940 691 4004 17.

213 4050 264 4115 Ex
284 4052 386 4119 eadem
414 4076 503 4119 socna
529 4055 607 4121 aliod
636 4058 834 4146 fragmentum
882 4057 981 4121 etitum
1003 4062 1064 4137 est,
1092 4054 1169 4142 quod
1189 4053 1303 4143 legitur

128 4135 203 4224 apud
236 4135 800 4229 Scholiast.Aristoph.Avv.v.11:
838 4079 880 4207 ‘fl
899 4141 1112 4223 Ἐξηκεστίδης
1141 4133 1185 4215 ὧς
1217 4140 1302 4215 ξένος

127 4223 331 4307 κωμῳδεῖται·
353 4224 404 4286 καὶ
427 4220 582 4309 Φρύνιχος
601 4224 816 4313 Μονοτρόπῳ·
838 4222 1004 4310 Μεγάλους
1024 4221 1192 4307 πιθήκους,
1215 4224 1301 4289 uidi

127 4302 248 4392 ἓτίρους
273 4304 357 4384 τινὰς
381 4306 493 4392 λίγειν,
519 4308 664 4391 Λυκίαν,
688 4311 819 4389 Τελίαν,
840 4313 1051 4399 Πείσανδρον,
1069 4308 1298 4393 Ἐξηκεστίδην·
