2760 4792
101 227 165 295 rot
492 207 898 286 commotores
914 218 919 230 '

185 386 355 477 Εὗφράνας
374 383 456 469 ἡμᾶς
477 379 636 464 ἀπόπεμπ’
661 381 764 448 οἴκαδ’
787 381 883 449 ἄλλον
903 381 1023 448 tatone.

102 479 152 545 ulti
178 479 279 543 nescio
306 497 346 540 an
371 469 453 554 ὑμᾶς
479 469 652 550 ἀποπέμπω
680 470 757 535 corni
783 469 889 534 endum
917 469 964 533 sit.
1008 468 1149 535 Ceterum
1170 468 1272 535 eodem

101 571 194 629 metro
222 560 405 638 continuato,
436 577 492 643 quo
522 555 662 621 Cratinus
693 555 726 619 in
754 491 909 635 fiinibus,
942 554 1030 619 etiam
1054 554 1273 644 Aristophanes

102 670 174 713 usus
195 647 293 711 estin
313 642 345 707 Τ
388 643 511 722 emistis,
539 640 616 725 quod
643 640 722 727 lugit
747 640 881 705 homines
901 638 1020 723 doctos,
1048 639 1097 727 qui
1124 639 1163 707 ad
1183 645 1274 707 tetra·

102 741 211 799 metros
232 730 306 793 haec
327 750 360 791 re
381 729 465 814 igere
487 727 585 790 conati
605 733 691 809 sunt,
716 724 777 789 vid.
798 723 852 791 Fr.
873 724 948 791 XII:

182 813 239 889 Ὡς
260 810 406 893 οὑψώνης
426 813 593 894 διατρίβειν

181 895 288 979 Ὕμιῖιν
308 895 452 978 τᾶριστον
474 894 578 960 ἔοικεν.

103 992 133 1050 et
152 1004 257 1050 rursus
277 982 331 1046 Fr.
352 981 442 1045 Xlll:

181 1065 221 1132 ‘0
243 1066 276 1131 δι’
296 1063 378 1129 λύων
399 1060 505 1128 κύστιν
531 1057 616 1125 ὑείαν

187 1151 358 1233 Κᾶξαιρῶν
378 1148 451 1224 τοὺς
471 1141 655 1232 Δαρεικούς.

105 1238 154 1302 ubi
179 1236 332 1302 Bentleius
359 1255 419 1297 uon
445 1239 526 1296 recte
560 1225 628 1318 κᾷτ’
659 1229 788 1312 ἐξαιρῶν
815 1230 985 1318 proposuitt
1028 1228 1176 1378 spondeus
1204 1252 1275 1297 vero

103 1322 259 1411 praecipue
279 1321 311 1384 in
332 1319 450 1382 nomine
471 1317 590 1404 proprio
612 1336 715 1400 eoque.
745 1316 884 1401 eregrino
906 1314 978 1379 satis
998 1314 1039 1378 ha
1060 1322 1090 1379 et
1109 1317 1275 1381 excusatio-

104 1409 166 1470 nis:
188 1407 291 1489 usique
312 1409 381 1467 suut
403 1402 504 1467 comici
525 1408 629 1488 poetae
650 1400 706 1463 hac
724 1334 846 1464 licentia
866 1399 954 1464 etiam
975 1401 1115 1464 inversu
1138 1406 1275 1465 tetrame-

104 1498 167 1570 tro,
188 1489 248 1553 vid.
269 1489 350 1552 inlra
372 1486 407 1551 ad
431 1485 561 1551 Cratetis
582 1485 689 1549 Feras.
711 1520 754 1532 -
774 1483 861 1548 Alias
883 1504 954 1549 vero
976 1485 1115 1570 quasdam
1136 1484 1276 1572 reliquias

103 1574 191 1639 huius
218 1572 377 1639 Cratioeae
409 1571 529 1635 fabulae
557 1571 654 1633 sciens
680 1576 852 1656 praetereo,
885 1569 1021 1654 quoniam
1048 1589 1186 1655 quorsum
1216 1570 1278 1635 siut

103 1658 279 1724 referendae
306 1656 394 1719 nimis
422 1657 591 1741 ambiguum
619 1661 682 1718 est:
726 1654 799 1717 satis
825 1674 898 1719 vero
930 1653 978 1718 vel
1005 1672 1044 1717 ex
1069 1654 1117 1718 his
1144 1662 1277 1744 apparot,

104 1764 161 1829 quo
188 1741 274 1807 modo
296 1742 422 1805 comicus
450 1740 597 1820 fabulam,
626 1739 659 1802 in
686 1758 743 1823 qua
769 1738 941 1802 exornanda
968 1738 1051 1802 multi
1077 1747 1164 1803 antea
1192 1748 1277 1805 erant

103 1829 216 1892 versati
241 1833 361 1915 poetae,
391 1827 581 1906 tractaverit,
609 1840 781 1908 quamquam
808 1822 884 1908 quod
909 1823 1106 1912 propositum,
1133 1844 1277 1910 quaenam

105 1911 252 1978 sententia
273 1911 368 1974 subsit
390 1911 557 1974 comoediae
579 1929 699 1996 prorsus
720 1910 902 1993 ignoramus.

190 1996 253 2059 lam
275 1995 380 2059 accedo
394 1994 430 2058 ad
443 1995 627 2070 Panopeae,
649 1993 730 2055 cuius
752 1992 871 2055 fabulae
884 1998 1087 2078 argumentum
1108 2010 1174 2056 cum
1186 1998 1277 2059 totum

106 2083 147 2148 sit
167 2085 314 2145 versatum
345 2079 377 2142 in
398 2078 590 2176 philosophia
615 2076 826 2154 examinanda,
854 2096 947 2222 pauca
974 2076 1114 2159 quaedam
1140 2078 1279 2164 praemit-

106 2166 196 2231 tenda
219 2164 290 2227 duxi
307 2163 343 2226 de
364 2162 444 2224 ilhos
466 2162 616 2240 doctrinae
643 2160 774 2238 ratione,
797 2180 852 2243 qua
865 2160 890 2222 is
912 2161 1002 2224 luerit
1022 2169 1091 2224 tone
1110 2182 1177 2226 cunr
1196 2162 1278 2227 illam

107 2249 236 2315 fabulam
259 2246 400 2312 Cratinus
428 2245 555 2309 doceret.
598 2243 632 2307 Si
660 2244 725 2327 quis
748 2245 910 2307 accuratius
931 2245 1059 2310 indolem
1086 2254 1278 2333 naturamque

109 2332 288 2399 Graecorum
315 2329 503 2415 indagaverit
533 2337 563 2392 et
595 2348 694 2392 secum
726 2328 935 2408 considerarit,
978 2351 1030 2393 eor
1065 2331 1280 2397 animadvertet

109 2417 171 2481 suis
203 2413 337 2479 terminis
375 2419 528 2477 contentos
565 2432 660 2496 neque
692 2412 774 2476 foras
810 2412 867 2478 huc
897 2412 967 2477 illuc
997 2422 1122 2501 vagatos
1149 2417 1279 2483 omniurn

108 2503 214 2566 artium
255 2500 475 2583 litterarumque
508 2499 689 2562 incrementa
728 2497 870 2579 auxisse,
913 2505 998 2563 aucta
1027 2501 1278 2585 conformavisso,

109 2587 292 2651 conformata
319 2583 496 2671 perfecisse,
538 2583 670 2671 perlecta
702 2581 826 2667 deniquo
857 2583 1040 2671 corrupisse,
1083 2604 1176 2670 usquo
1210 2586 1280 2651 duur

110 2672 227 2760 penitus
254 2671 525 2754 exstinguerentur.
567 2667 643 2735 Nam
665 2668 797 2750 quamvis
819 2668 855 2731 ab
878 2669 989 2732 exteris
1011 2668 1202 2755 barbarisque
1223 2690 1280 2761 po·

109 2754 188 2844 pulis
216 2752 324 2817 Graeci
352 2750 505 2816 multarum
538 2772 637 2815 rerum
669 2751 754 2815 initia
783 2758 812 2816 et
837 2753 971 2839 origines
1003 2753 1182 2836 asciverint,
1225 2776 1281 2821 suo

110 2848 210 2904 tamen
229 2837 352 2923 ingenio
379 2837 453 2900 haec
474 2836 571 2899 omnia
592 2845 791 2900 tractaverunt
816 2844 847 2900 ot
873 2846 931 2902 tam
958 2839 1117 2925 ingeniosa
1142 2839 1281 2907 tonna

111 2923 312 3001 refinxerunt,
339 2928 372 2984 ut
398 2922 575 3008 peregrinae
603 2920 730 3008 originis
758 2921 886 3071 vestiga
912 2923 1029 3010 penitus
1056 2932 1282 2995 evanescerent.

110 3008 158 3073 Ita
179 3007 206 3069 si
227 3026 300 3090 quas
321 3026 361 3068 ex
381 3004 458 3069 Asia
479 3013 509 3069 et
528 3005 671 3093 Aegypto
691 3006 824 3094 origines

112 3091 228 3180 gionis,
252 3090 373 3170 artium,
394 3089 574 3174 aliarumque
601 3111 699 3154 rerum
720 3092 915 3181 repetierunt,
941 3093 983 3156 ita
1008 3094 1232 3159 conlormarurrt
1251 3102 1284 3159 et

112 3176 319 3251 emendarunt,
348 3195 470 3262 prorsus
492 3182 524 3238 ut
551 3175 742 3239 haecomnia
763 3198 905 3263 germana
927 3184 957 3240 et
977 3178 1077 3242 nativa
1097 3179 1285 3263 viderentur,

113 3270 145 3324 ut
161 3260 297 3346 quidquid
319 3259 351 3324 iu
372 3259 419 3322 his
441 3259 632 3324 admiratione
653 3261 786 3347 dignum,
806 3270 972 3349 praestans,
993 3263 1128 3328 omnihus
1149 3264 1282 3331 numeris

113 3346 277 3410 absolutum
299 3350 389 3425 esset,
409 3343 440 3408 id
452 3364 506 3407 suo
528 3345 585 3408 sibi
606 3346 670 3408 iure
682 3346 873 3429 vindicarent,
893 3346 925 3412 id
937 3349 1064 3413 maxime
1075 3348 1239 3436 diligerent
1251 3356 1286 3415 et

114 3439 256 3494 amarent
279 3427 327 3492 Ab
351 3430 406 3492 hoc
421 3430 485 3516 ipso
507 3438 602 3493 autem
620 3450 719 3494 amore
735 3432 824 3494 etiam
845 3433 1034 3521 repetendum
1056 3432 1184 3517 videtur,
1204 3434 1286 3521 qnod

114 3515 197 3578 cuius
209 3515 251 3578 rei
265 3513 586 3601 fondamentaprimom
597 3516 775 3602 posuissent,
789 3534 853 3580 eam
865 3518 964 3598 etiam,
975 3518 1286 3586 studiosissimorum

114 3608 265 3677 naturam,
288 3618 371 3661 soum
387 3598 541 3685 ingenium
555 3601 647 3663 menti
660 3600 824 3686 lingerent,
837 3603 1024 3684 excolerent,
1036 3612 1286 3687 consummarent,

116 3689 157 3764 et,
179 3682 310 3746 difficilis
332 3682 410 3746 enim
432 3693 478 3748 est
499 3684 531 3747 in
552 3685 683 3784 perlecto
704 3706 797 3766 mora,
818 3687 941 3750 eandem
962 3690 1050 3752 etiam
1064 3688 1287 3767 decressentem

116 3777 147 3832 ot
166 3767 313 3831 labantem
335 3788 390 3855 per
414 3762 514 3833 varias
534 3770 752 3833 vicissitudines
774 3772 936 3835 retinerent
956 3788 1051 3859 neque
1078 3774 1160 3861 prius
1186 3774 1286 3839 taedio

117 3859 168 3915 aut
199 3851 333 3916 satietate
360 3862 546 3940 caperentur,
589 3875 673 3938 quam
707 3855 760 3919 illa
787 3855 823 3919 ad
851 3857 1000 3921 interitum
1027 3866 1108 3921 esset
1133 3858 1286 3945 perducta.

116 3936 220 4020 Neque
241 3958 311 4001 vero
331 3937 417 4001 latuit
436 3939 492 4003 hoc
513 3940 594 4026 ipsos
617 3937 761 4020 Graecos,
783 3940 924 4025 siquidem
946 3942 1034 4006 Plato
1055 3944 1087 4005 in
1107 3942 1287 4053 Epinomide

117 4041 146 4108 p.
167 4021 231 4086 987
252 4020 296 4085 D:
343 4021 424 4085 Τόδε
451 4046 484 4105 γε
509 4022 571 4104 μὴν
598 4025 800 4107 διανοηθῆναι
823 4025 884 4110 χρὴ
912 4023 1002 4089 πάντ’
1027 4024 1126 4111 ἄνδρα
1150 4026 1286 4112 Ελληνα,

117 4100 160 4181 ὡς
186 4100 281 4170 τόπον
312 4104 420 4188 ἔχομεν
444 4105 498 4169 τὸν
525 4113 587 4171 τῶν
608 4105 760 4190 Ἑλλήνων
788 4110 865 4195 πρὸς
893 4110 1004 4194 ἀρετὴν
1029 4113 1062 4175 ἐν
1087 4120 1152 4189 τοῖς
1177 4110 1288 4195 σχεδὸν

119 4186 261 4275 ἄριστον·
304 4190 340 4255 τὸ
367 4190 400 4253 d'
428 4192 585 4257 ἐπαινετὸν
612 4192 708 4258 αὐτοῦ
734 4193 795 4279 χρὴ
828 4195 936 4277 λέγειν,
980 4193 1025 4259 ὅτι
1053 4196 1147 4276 μέσος
1168 4194 1213 4279 Ιἂν
1238 4196 1272 4263 sl'

114 4272 273 4358 χειμώνων
292 4292 325 4340 τε
352 4276 405 4339 vol
425 4281 486 4359 τῆςΙ
499 4282 623 4364 θερινῆς
643 4275 778 4365 φύσεως·
803 4278 824 4361 ἦ
843 4279 877 4344 d'
899 4274 1072 4367 decennnium
1091 4278 1166 4365 ἡμῖν
1183 4280 1229 4361 εἰς
1248 4222 1287 4347 vd

868 3007 1051 3088 omanitatis,
1073 3008 1188 3095 legum,
1209 3010 1282 3075 reli·
