2760 4792
107 232 171 300 lot
494 221 898 293 COMMENTATIONES

66 400 71 409 ’
106 397 203 462 studia
223 397 293 462 illuc
320 401 390 460 sunt
409 391 553 457 translata
582 391 680 477 ibique
702 391 838 456 diversae
863 389 1010 470 rationes,
1039 408 1112 474 quas
1131 386 1221 451 lones
1243 395 1275 453 et

105 482 201 547 ltalici
220 479 387 569 philosophi
408 478 500 542 secuti
518 483 622 557 erant,
649 476 681 539 in
704 499 792 540 unum
813 476 984 540 coaluerunt
1005 482 1091 559 atque
1111 472 1273 537 laetissimo

106 566 312 632 effloruerunt:
354 563 433 627 raeci
454 583 565 627 uecum
581 562 607 624 is
622 563 698 650 ipse,
721 563 769 646 qui
782 582 835 625 suo
848 560 969 624 arbitrio
991 559 1089 622 omnia
1101 558 1133 621 in
1156 558 1274 622 οἰνίίοίε

106 651 308 738 gubernabat,
369 585 474 711 urielis
502 667 613 711 summo
637 646 768 710 veritatis
796 644 984 731 indagandae
1006 644 1111 707 ardore
1131 641 1273 707 incensus

104 734 343 881 philosoplhorum
370 732 519 796 doctrinas
541 732 755 795 studiosissime
776 729 1020 817 amplecteretur,
1042 735 1072 791 et
1091 746 1163 790 vero
1183 725 1273 789 etiam

105 820 162 907 ipsi
184 817 227 882 At
247 818 385 881 enienses
406 818 448 882 ita
469 825 570 880 essent
591 817 670 895 nati,
692 815 775 879 utin
796 835 895 878 rerum
917 834 1021 877 causas
1043 819 1073 876 et
1093 829 1273 898 progressus

106 904 213 969 acriter
225 902 417 986 inquirerent.
441 900 524 973 Quod
535 901 650 984 quidem
660 899 795 963 Pericles
808 899 960 985 ingenium
968 895 1195 961 Atheniensium
1208 895 1274 959 oxi·

105 988 163 1052 mie
185 988 342 1074 descripsit
361 987 393 1050 in
414 985 467 1049 illa
488 988 631 1065 oratione,
654 1005 739 1091 ‹puam
760 985 889 1048 maxima
910 1004 973 1046 cum
996 990 1060 1045 arte
1082 980 1169 1043 linxit
1185 978 1273 1043 Thu-

144 1072 227 1136 dides
248 1071 356 1135 lito:
381 1073 612 1150 Φιλοκαλοῦμεν
633 1092 692 1151 γαρ
713 1066 776 1146 μετ’
801 1068 949 1142 εὐτελείας
970 1070 1020 1128 καί
1042 1068 1274 1149 φιλοσοφοῦμεν

129 1181 176 1218 νευ
197 1156 363 1235 μαλακίας·
386 1190 429 1203 -
459 1151 490 1216 ἕν
516 1177 548 1217 τε
575 1162 639 1228 τοῖς
665 1152 770 1227 οὗτοῖς
798 1154 914 1216 οίκείων
939 1147 1005 1231 ἅμα
1032 1152 1082 1212 καί
1110 1152 1273 1213 πολιτικῶν

104 1240 258 1319 ε’πιμίλεια
279 1241 330 1302 καί
357 1235 470 1322 ἕτίροις
497 1237 574 1323 πρὸς
598 1237 672 1322 ἔργα
692 1237 909 1321 τετραμμένοις
935 1236 974 1298 τὰ
996 1234 1135 1297 πολιτικὰ
1156 1231 1201 1315 μὴ
1223 1233 1273 1297 ἐν·

105 1327 180 1399 δεῶς
199 1329 328 1406 panisar·
349 1321 438 1403 μόνοι
459 1320 517 1405 γὰρ
539 1319 593 1386 τόν
614 1346 646 1385 τε
666 1323 763 1402 μηδὲν
789 1323 883 1385 τῶνδε
903 1318 1069 1401 μετίχοντα
1092 1318 1149 1382 οὐκ
1170 1314 1273 1402 ἀπρό-

104 1432 203 1491 γμονα
225 1406 294 1469 ἀλλ’
319 1404 440 1490 ἀχρεῖον
461 1409 628 1486 νομίζομεν,
651 1409 701 1469 καί
724 1405 811 1470 αὐτοί
833 1403 901 1487 ἤτοι
922 1404 1062 1488 κρίνομίν
1083 1428 1114 1487 γε
1135 1400 1156 1485 ἢ
1178 1404 1273 1467 ἔνθυ-

103 1490 251 1572 μοόμεθα
273 1490 377 1575 ὀρθῶς
398 1490 437 1555 τὰ
458 1489 634 1574 πράγματα,
657 1490 693 1554 οὐ
711 1491 784 1567 τοὺς
810 1491 918 1574 λόγους
944 1498 1008 1563 τοῖς
1034 1487 1132 1570 ἔργοις
1151 1483 1274 1570 βλάβην

104 1573 278 1660 ἡγοόμενοι,
300 1575 380 1638 ἀλλὰ
399 1574 444 1658 μὴ
465 1578 713 1658 προόιόαχθῆναι
734 1580 853 1656 μᾶλλον
874 1572 953 1660 λόγῳ
976 1572 995 1655 ἢ
1017 1574 1065 1636 ἐπὶ
1087 1570 1107 1635 ἃ
1128 1574 1178 1635 der*
1193 1570 1273 1681 i'pypr

103 1661 214 1726 ἐλθεῖν.
227 1697 268 1710 -
290 1659 419 1734 ξυνελών
433 1684 464 1724 τε
487 1659 563 1742 λίγω
585 1656 639 1741 τήν
660 1685 691 1723 τε
713 1667 816 1725 πᾶσαν
828 1662 927 1724 δοκεῖν
948 1655 1036 1723 πόλιν
1054 1663 1109 1738 τῆς
1124 1654 1274 1732 Ἓλλαδος

103 1747 261 1809 παίδευσιν
283 1741 429 1808 εἶναικαὶ
456 1744 533 1808 καθ’
558 1748 686 1810 ἕκαστον
713 1748 811 1809 δοκεῖν
837 1743 875 1809 ἄν
900 1770 954 1825 μοι
980 1742 1034 1807 τὸν
1055 1740 1149 1805 αὐτόν
1173 1739 1273 1828 ἄνδρα

104 1828 175 1914 παρ’
193 1827 280 1911 ἡμῶν
301 1831 350 1893 ἐπί
372 1827 482 1893 πλεῖστ’
497 1827 535 1893 dv
556 1830 621 1913 ei‘dp
643 1832 694 1893 καί
714 1831 792 1910 μετὰ
811 1832 944 1916 χαρίτων
964 1825 1084 1909 μάλιστ’
1108 1824 1146 1889 ἂν
1166 1824 1273 1911 εὔτρο-

103 1914 202 1989 πόλως
221 1913 258 1977 τὸ
279 1920 368 1994 σῶμα
392 1912 541 1997 αὔταρκες
561 1916 759 1996 παρίχεσόαι.
793 1914 854 1981 Sed
875 1916 927 1980 illa
948 1915 1013 2003 ipsa
1024 1912 1088 1977 veri
1108 1910 1273 2000 indagatio,

103 1999 173 2064 licet
193 1999 368 2086 dignissima
389 1998 507 2063 homine
528 2000 658 2079 liberali,
686 2001 828 2087 principio
855 2008 963 2080 tamen,
984 2020 1049 2063 cum
1070 2017 1171 2062 omnes
1192 1996 1272 2061 vitae

102 2084 248 2149 humanae
269 2090 368 2170 partes
390 2083 561 2162 rimaretur,
589 2104 703 2146 omnem
725 2105 822 2147 rerum
844 2092 874 2149 et
895 2084 1059 2148 divinarum
1081 2090 1111 2146 et
1130 2082 1272 2146 humanu·

102 2189 168 2232 rum
184 2167 354 2230 varietatem
370 2171 399 2229 et
410 2167 520 2252 copiam
534 2167 783 2254 complecteretur,
800 2189 873 2233 sane
886 2166 1140 2232 vehementissime
1150 2187 1188 2230 ea
1215 2186 1272 2231 nae

103 2274 123 2315 a
134 2251 292 2316 maioribus
307 2255 424 2335 recepta
438 2258 522 2312 erant
534 2251 696 2329 concussit3
719 2251 815 2335 itaque
832 2272 891 2317 non
905 2253 1020 2333 mirum,
1039 2253 1065 2316 si
1076 2250 1211 2339 philosop
1232 2250 1241 2265 ⁰

104 2356 178 2420 quae
200 2341 279 2398 esset
307 2334 422 2397 virtutis
449 2335 593 2420 magistra
615 2346 644 2398 et
665 2335 831 2418 inventrix,
859 2339 953 2401 omnis
974 2336 1132 2424 impietatis
1153 2342 1185 2399 et
1204 2356 1273 2425 pra·

102 2417 203 2484 vitatis
221 2426 321 2482 auctor
337 2416 437 2481 habita
448 2417 486 2482 sit
504 2420 540 2483 ab
553 2418 795 2485 Atheniensibus.
840 2420 1054 2493 Quamobrem
1066 2421 1153 2484 etiam
1168 2418 1272 2485 comici

104 2503 222 2592 graeci,
251 2502 300 2602 qui
321 2523 437 2590 semper
464 2503 493 2567 id
523 2504 598 2588 quod
619 2506 799 2592 propositum
821 2514 901 2587 erat,
924 2514 1043 2570 strenue
1070 2505 1164 2569 secuti
1191 2510 1272 2585 sunt,

123 2587 316 2677 hilosophram
339 2587 516 2674 gravissimu
537 2589 604 2651 odio
625 2590 760 2653 insectati
773 2598 852 2672 sunt,
874 2599 904 2655 et
924 2592 987 2679 ipse
1001 2589 1141 2656 Cratinus
1161 2589 1194 2653 in
1215 2588 1273 2653 boo

101 2610 220 2753 labala,
254 2693 338 2757 quam
366 2673 522 2734 Ocularos
545 2671 748 2754 (Πανόπτας)
777 2676 947 2763 inscripsit,
976 2674 1132 2763 populares
1165 2673 1272 2737 ducere

103 2757 223 2837 studuit,
245 2776 328 2841 quam
342 2775 419 2818 vana
433 2764 463 2819 et
483 2757 649 2844 perniciosa
671 2767 750 2823 esset
770 2758 1006 2847 ista'disciplina,
1028 2779 1101 2844 quae
1118 2757 1273 2822 adeorurn

102 2842 271 2906 reverentia
291 2846 438 2904 averteret
453 2849 622 2927 mentesque
643 2851 761 2908 teneras
783 2846 883 2932 pravis
905 2845 1091 2932 opinionibus
1117 2842 1272 2907 imbueret.

102 2926 206 2991 Neue
234 2944 304 2988 vero
331 2924 556 2990 existimandum
584 2935 630 2995 est
656 2929 732 2992 hanc
760 2930 936 2994 comoediam
970 2929 1001 2992 in
1035 2929 1121 2991 nnius
1147 2926 1273 2991 alicuius

102 2946 272 3100 philosophi
294 3009 497 3073 contumeliam
519 3012 706 3098 compositam
729 3034 812 3095 esse,
846 3036 945 3078 verum
968 3014 1028 3100 Hip
1049 3012 1114 3076 onis
1136 3010 1273 3099 exemplo

94 3101 173 3159 'ante
198 3093 297 3158 oculos
323 3096 419 3183 posito
447 3094 658 3160 demonstravit
676 3096 838 3182 Cratinus,
870 3107 978 3183 quanta
1003 3035 1085 3163 laios
1113 3103 1144 3160 et
1171 3106 1274 3160 corru-

102 3180 182 3267 ptela
212 3200 251 3243 ex
278 3177 330 3242 illa
363 3180 597 3244 absconditarum
626 3203 724 3246 rernm
755 3190 784 3246 et
809 3184 972 3263 inutilium,
1007 3204 1079 3268 quas
1110 3180 1273 3281 prudentes

103 3263 322 3328 arbitrabantur
337 3262 548 3344 Athenienses,
570 3265 761 3352 indagatione
782 3277 862 3332 esset
881 3270 1021 3355 ingressa
1042 3268 1073 3330 in
1095 3266 1253 3331 civitatem.

188 3348 400 3436 Aristophanis
424 3350 499 3412 enim
524 3349 690 3414 Scholiasta
713 3352 749 3415 ad
761 3352 864 3417 Nubes
884 3376 913 3417 v.
932 3354 973 3416 96
989 3352 1086 3440 prodit
1104 3350 1274 3440 Hipponem

103 3432 307 3521 philosophum
329 3431 482 3497 aCratino
504 3434 536 3497 in
555 3435 609 3498 hac
622 3434 721 3498 fabula
736 3436 830 3501 luisse
846 3437 1043 3525 exagitatum,
1066 3437 1115 3521 qui
1126 3436 1208 3500 locus
1221 3432 1275 3499 ad·

104 3518 218 3581 modum
235 3525 281 3580 est
292 3518 503 3581 memorabilis:
520 3520 651 3601 -Κυρίως
663 3520 696 3582 δὲ
706 3519 832 3603 πνιγεύς,
856 3522 933 3585 ἔνθα
949 3522 976 3585 ol
987 3519 1141 3603 ἄνθρακες
1153 3517 1276 3600 ἔχονται

104 3603 154 3665 καλ
171 3603 340 3684 πνίγονται·
362 3607 460 3664 ταῦτα
473 3603 507 3666 dl
522 3602 668 3687 πρότερος
681 3600 807 3687 Κράτης
821 3609 1028 3691 (Κρατῖνος
1049 3602 1273 3692 corrigendum)

104 3688 137 3750 ἐν
162 3683 345 3760 Πανόπταις
375 3682 509 3769 δράματι
542 3690 609 3769 περὶ
634 3685 783 3765 Ἵππωνος
825 3699 880 3755 τοῦ
913 3688 1087 3776 φιλοσόφου
1115 3690 1275 3773 κωμῳδῶν

104 3768 311 3853 αότὸν-λίγει·
353 3768 415 3855 ἀφ’
439 3761 476 3835 οὗ
501 3769 719 3853 στοχαζόμενοί
734 3775 812 3850 τινός
834 3802 944 3860 φασιν,
972 3772 1017 3839 ὅτι
1043 3776 1197 3854 μηδεμιᾶς
1221 3769 1275 3855 ἴχ-

104 3861 188 3935 θρας
205 3850 296 3935 χάριν
312 3852 535 3963 Ἅριοτοφιίνρς
554 3840 625 3940 ἧκεν
645 3860 692 3921 tut
714 3857 769 3944 τήν
790 3867 851 3924 τῶν
866 3866 1013 3945 Νεφελῶν
1034 3862 1164 3940 ποίησιν,
1184 3852 1220 3932 ός
1239 3878 1274 3939 γε

103 3936 180 4047 μήτε
201 3938 277 4021 πρὸς
298 3937 377 4003 ίιλιον
397 3965 443 4018 τι,
469 3967 546 4023 μητε
573 3938 741 4026 ἁρμόττον,
771 3944 849 4009 ἀλλὰ
869 3947 949 4027 μηδὲ
975 3944 1051 4027 πρὸς
1076 3940 1110 4007 ‘dv
1136 3941 1274 4024 ἔγκλημα

104 4028 183 4107 pide
203 4021 401 4105 Σωκράτους·
431 4021 489 4091 δόο
514 4026 573 4111 γὰρ
601 4027 672 4092 κατ’
696 4030 792 4094 αὐτοῦ
814 4036 912 4094 ταῦτα
934 4032 1061 4111 προθείς
1087 4024 1273 4111 ἐγκλήματα,

103 4106 140 4173 τὸ
162 4111 230 4193 περί
252 4110 399 4194 οὐρανοῦ,
428 4106 474 4175 ότι
500 4112 563 4176 luel
585 4110 718 4196 πνιγεύς,
746 4117 797 4179 καί
825 4111 868 4190 ὡς
893 4111 995 4189 ἱκανός
1022 4115 1086 4178 ἐστι
1112 4110 1167 4176 τόν
1189 4106 1274 4217 ἥττω

104 4189 195 4277 λόγον
221 4191 445 4259 διδάσκονται
466 4194 520 4260 τόν
545 4198 716 4282 κρείττονα·
741 4198 777 4262 τὸ
797 4200 854 4277 μὲν
879 4197 979 4263 κοινὸν
1004 4204 1066 4262 τῶν
1092 4202 1274 4283 φιλοσοφων

106 4274 247 4345 ἁπάντων
274 4275 422 4364 ἐπήγαγεν
445 4277 597 4365 ἴγιιλήμα·
624 4283 765 4373 φαίνεται
791 4284 826 4347 δὲ
851 4286 902 4347 καὶ
927 4286 977 4349 tut
1003 4278 1104 4370 τούτῳ
1124 4278 1275 4347 ὅἽιιπων
