2768 4770
362 193 423 262 DE
443 192 587 272 Remo.
607 193 796 274 COMOED.
816 197 924 266 ATT.
945 199 1093 277 Adule.
1245 206 1313 274 375

135 383 255 511 spppper
274 362 388 444 comici,
409 370 442 428 ut
461 361 549 429 Plato
571 364 603 428 in
622 363 758 429 Xantriis
780 365 856 454 apud
878 364 1016 433 Photium
1039 368 1155 456 (Etym.
1176 368 1313 458 Suidam)

133 469 145 512 1
166 470 177 510 1
199 469 261 511 em:

213 525 274 593 Ἠν
295 530 333 613 δὴ
354 527 493 617 θόρυβος
513 528 725 611 τεοταζόντιον.

133 615 323 680 Teleclides:
531 619 535 623 ’

219 697 341 775 Πάντες
362 698 396 764 δὲ
416 695 610 779 τεντάζοοσιν
632 701 661 765 οἳ
683 696 830 766 διάκονοι.

132 793 163 849 et
177 784 396 850 Pherecrates:

213 866 252 933 Ὁ
273 870 308 933 δὲ
328 871 426 933 παῖδα
447 873 537 932 καλεῖ
552 870 604 933 καὶ
630 865 762 948 τευτάζει
783 865 884 958 τοότηι
905 872 1027 938 δεῖπνον
1047 880 1245 959 παραθεῖναι.

128 969 272 1034 Formam
305 970 431 1036 mediam
464 969 544 1034 solus
572 970 726 1035 anianns
759 973 891 1036 servavit
925 975 958 1037 in
988 975 1070 1040 Lexi
1090 977 1169 1042 bane
1203 1002 1228 1045 c.
1250 982 1307 1045 21:

133 1055 266 1120 Οὐδέπω
285 1053 321 1118 τὸ
342 1055 431 1139 ἴκταρ
452 1051 620 1136 ἐμήμεκας,
643 1054 717 1119 odd?
735 1055 771 1119 τὸ
792 1059 1030 1142 σκορδινᾶσθαι,
1052 1062 1124 1124 ουδὲ
1144 1061 1179 1127 τό
1201 1063 1308 1129 τευτά-

128 1142 249 1218 ζεσθαι.
270 1160 311 1204 ex
332 1161 388 1225 quo
408 1140 473 1204 loco
495 1160 555 1204 uon
576 1139 685 1204 iniuria
699 1140 823 1228 colligas
846 1144 995 1231 sophistas
1016 1145 1096 1210 illius
1108 1150 1248 1237 temporis
1270 1152 1307 1215 ab

127 1226 250 1310 anhqno
269 1245 326 1288 usu
347 1224 521 1289 recedentes
535 1224 620 1289 hanc
647 1225 773 1290 ¹formam
794 1228 982 1314 praetulisse.
1024 1229 1107 1295 Hinc
1132 1253 1193 1297 non
1214 1235 1307 1301 inter-

127 1310 231 1374 cedam
259 1309 372 1396 siquis
399 1331 464 1373 cnm
486 1308 669 1374 Ruhnkenio
691 1310 723 1373 in
746 1309 915 1378 Themistio
938 1314 1021 1380 Orat.
1041 1314 1125 1380 XIII.
1149 1365 1157 1382 .
1179 1318 1240 1384 161
1263 1318 1305 1387 C:

126 1395 254 1459 scribat:
280 1395 327 1458 Οό
346 1394 406 1476 μὲν
425 1393 484 1479 γάρ
505 1392 705 1472 τευτάζεσθαι
725 1391 836 1475 μόνον,
859 1395 931 1462 odet
951 1401 1063 1483 ζητεῖν,
1086 1337 1305 1469 adithaim.

123 1479 163 1544 Iu
183 1479 359 1565 Phrynicho
380 1487 477 1544 autem
498 1479 686 1543 scribendum
705 1479 839 1545 videtur:
1221 1490 1225 1497 ’

211 1560 363 1647 Μάστιγα
384 1563 417 1627 δ’
442 1563 474 1628 ἰν
493 1573 595 1647 χεροῖν
615 1560 693 1645 ἔχων
714 1561 882 1630 ἐτιότασεν.

123 1649 220 1714 Recto
249 1657 346 1714 autem
372 1649 415 1712 ibi
442 1649 474 1712 ἐν
494 1645 644 1723 Μόστονς
664 1669 787 1712 numero
814 1649 923 1737 plurali
944 1652 1096 1718 scribitur:
1129 1653 1303 1722 Eustathius

122 1734 241 1821 quidem
261 1754 291 1824 p.
312 1735 412 1815 1172,
434 1735 490 1798 23:
517 1729 671 1817 Φρόνιχος
692 1734 724 1796 ἐν
745 1728 880 1819 Μόστη·
1045 1769 1049 1774 -

206 1814 397 1901 Ἐβουλόμην
418 1814 457 1880 ἂν
477 1812 551 1898 ἡμῖν
572 1814 673 1901 ὥσπερ
695 1818 746 1880 καὶ
767 1822 894 1902 προτοό.

120 1903 176 1970 scd
197 1902 239 1969 ibi
260 1897 533 1989 ηοοηιιεΜόσταις
553 1901 722 2001 legendnm.
742 1901 827 1967 Nihil
848 1901 927 1967 enim
949 1921 1050 1969 moror
1069 1901 1182 1972 Suidae
1203 1916 1301 1975 aucto-

120 1990 249 2071 ritatem,
272 1987 348 2077 apud
371 2008 456 2072 quem
477 1987 509 2051 in
531 1986 628 2051 induce
649 1986 816 2052 fabularum
836 1986 1038 2075 Phrynichil
1081 1988 1299 2076 ’λσεΜόστηςι

122 2074 188 2162 ipse
216 2073 294 2138 enim
320 2073 398 2137 hunc
424 2071 552 2136 indicem
578 2071 720 2154 confecit,
752 2072 784 2135 in
807 2092 909 2159 quem,
937 2093 1024 2160 quum
1039 2009 1160 2140 Ἧλοιιλὶ
1184 2075 1300 2162 outn-

116 2183 177 2240 χος
196 2158 230 2222 ἓν
249 2154 369 2242 Μόστῃ
391 2164 527 2306 corrupte
547 2158 666 2221 citatum
686 2156 826 2239 vidisset,
847 2157 949 2223 retudit
973 2153 1134 2247 Μόστην.υ
1162 2160 1299 2230 Consen-

117 2251 239 2308 taneum
260 2251 357 2306 autem
376 2249 424 2306 est
443 2243 476 2306 fa
495 2241 562 2306 ulae
583 2241 704 2307 chorum
726 2244 895 2307 constitisse
917 2263 957 2307 cx
977 2244 1102 2329 mystis,
1122 2266 1245 2336 prorsus
1267 2256 1299 2314 nt

116 2328 151 2393 in
178 2326 390 2416 Aristophanis
421 2326 529 2391 Ranis.
571 2323 621 2390 Ab
649 2326 705 2390 boc
738 2335 834 2392 autum
868 2328 959 2392 choro
990 2335 1154 2415 mystarum
1190 2353 1297 2398 censeo

115 2420 264 2478 cantatum
286 2432 354 2477 esse
374 2431 493 2475 versum
540 2431 626 2495 quem
647 2432 708 2477 uon
728 2412 843 2476 adiecto
865 2411 1033 2477 comoediae
1054 2415 1138 2482 titulo
1166 2418 1298 2483 samarit

115 2497 323 2587 Hephaestion
345 2515 375 2583 p.
394 2498 450 2561 67:
478 2459 544 2558 liat
564 2492 651 2578 παρὰ
673 2497 817 2581 Φρυνίχῳ
838 2500 882 2582 τῷ
903 2502 1046 2584 κωμικῷ·

195 2578 247 2646 “A
269 2579 300 2644 δ’
327 2576 514 2664 άνάγκα’σθ’
538 2579 665 2663 ἱερεῦσιν
692 2575 877 2664 καθαρεύειν
897 2576 1067 2665 φράσομεν.

113 2666 216 2732 Etiam
240 2666 272 2730 in
294 2664 505 2754 Aristophanis
526 2663 624 2728 Ranis
655 2669 818 2750 mystarum
849 2664 957 2730 chorus
982 2665 1053 2730 inde
1081 2687 1209 2732 avorsa
1230 2669 1295 2737 sed

112 2787 160 2802 --
181 2753 244 2817 336
266 2757 296 2815 et
317 2773 335 2814 a
356 2771 385 2815 v.
405 2750 470 2814 ado
482 2749 599 2813 -353
619 2750 756 2814 versibus
768 2748 882 2818 ionicis
906 2752 1014 2831 utitur,
1040 2750 1217 2838 omninoque
1237 2753 1294 2819 hoc

113 2843 239 2902 metrum
258 2835 383 2900 initiatis
405 2833 714 2899 convenientissimum
736 2841 797 2916 est,
817 2832 938 2920 Mystas
960 2841 1057 2900 autem
1077 2842 1164 2924 poeta
1185 2836 1293 2921 docuit,

111 2942 171 3007 quo
193 2929 323 3020 tempore
343 2918 516 2984 Alcibiades
537 2918 709 2982 restituerat
719 2917 874 2983 Eleusinia
894 2940 991 3002 sacra,
1017 2919 1096 2985 bello
1117 2920 1292 3011 interrupte,

110 3006 191 3092 quod
213 3005 328 3091 quidem
350 3005 437 3068 etiam
458 3002 612 3092 Aristoph.
631 3003 665 3067 in
685 3002 784 3068 Ranis
805 3004 912 3090 tangit
934 3003 984 3070 Cf.
1004 3004 1195 3071 PlntAlcib.
1216 3005 1269 3073 ³4.

198 3091 362 3179 Lamprum
383 3089 525 3153 musicum
547 3108 608 3152 non
627 3089 638 3151 i
683 3088 790 3152 obilem
809 3087 951 3172 quomodo
963 3087 1157 3176 Phrynichus
1177 3089 1290 3199 rIserity

109 3176 198 3241 docet
218 3175 392 3239 Athenaeus
414 3173 455 3239 L.
476 3172 517 3239 Il.
536 3194 567 3261 p.
588 3109 695 3238 Ἄλλο
712 3168 906 3256 Ὕδροπόιης
920 3170 952 3237 δ’
969 3165 1009 3256 ἦν
1029 3176 1081 3237 καλ
1094 3171 1255 3263 Λάμπρος
1269 3201 1288 3240 ο

108 3256 269 3344 μουσικός·
291 3261 360 3344 περλ
382 3250 419 3322 οὗ
434 3253 589 3343 Φρόνιχός
602 3277 698 3343 φησι·

264 3341 397 3428 Λάρους
417 3348 559 3429 θρηνεῖν,
585 3343 618 3407 ἐν
639 3335 701 3407 οἷσι
720 3336 881 3427 Λάμπρος
901 3339 1140 3425 ἐναπέθνησκον,

189 3425 373 3514 ’Ἀνθρωπος
394 3424 437 3491 ὢν
456 3423 666 3503 όδατοπότας,
691 3425 820 3511 μινυρὸς
845 3421 1084 3512 ὑπερσοφιστής,

196 3517 338 3578 Μουσῶν
359 3509 511 3590 σκελετός,
533 3508 673 3595 ἀηδόνων
692 3509 838 3596 ἠπίαλος,
859 3508 956 3593 όμνος
970 3509 1100 3576 ‘'Arduo-

106 3623 284 3724 ubilparurn
305 3630 403 3725 aptum
425 3627 471 3722 est
491 3619 565 3686 iliud
586 3617 720 3721 Λάρρυς
739 3625 875 3708 θρηνεῖν,
897 3615 931 3686 ἓν
951 3615 1030 3686 οἷσιν
1050 3620 1284 3707 ἐναπέθνησκον.

105 3708 178 3773 Νιει
198 3708 299 3791 sallon,
320 3717 361 3772 rta
383 3713 545 3797 scripserat
562 3705 772 3793 Phrymchus:

193 3810 260 3875 Καὶ
281 3806 441 3896 νιγλάρους
461 3811 603 3894 θρηνεῖν,
625 3809 657 3873 ἔν
679 3801 740 3873 οἷσι
760 3801 921 3893 Λάμπρος
941 3805 1177 3890 ἔναπέθνησκεν.

108 3919 242 4005 Θρηνεῖν
263 3941 327 3986 cum
348 3918 515 3985 accusativo
534 3917 664 3985 iunctum
686 3923 743 3999 est,
763 3922 796 3983 nt
805 3915 983 4003 Aeschylus
999 3915 1076 3984 dixit
1094 3918 1127 3982 in
1144 3915 1281 3986 Bekkeri

103 4004 272 4070 Aneodotis
292 4026 322 4092 p.
343 4003 424 4086 349,
443 4006 481 4070 δι

193 4090 314 4174 Θρηνεΐ
329 4090 363 4153 δέ
382 4087 455 4174 γόον
475 4085 530 4155 τὸν
549 4083 704 4170 άηδόνιον.

102 4174 258 4258 Νίγλαροι
280 4180 377 4240 autem
403 4174 454 4262 qui
474 4172 536 4239 sint
556 4172 641 4239 docet
661 4170 804 4237 Photius:
845 4163 1039 4255 Νιηλόρονς·
1065 4165 1279 4322 περιτομάς·

102 4259 229 4329 ibidem:
257 4261 423 4347 Νηλοροι·
442 4256 644 4346 repetissem
664 4258 716 4329 κοιλ
735 4255 878 4344 περίεργα
897 4250 1070 4342 νροόματα.
1129 4262 1155 4320 t:
1175 4258 1280 4366 νηλα-
