2768 4770
316 219 376 287 ou
397 176 543 298 antro
562 220 752 292 chuono.
776 223 883 292 aar.
904 225 1050 304 sumo.
1166 266 1168 272 -
1212 228 1278 296 seo

102 389 217 456 ibidem
237 387 311 452 satis
337 388 432 453 facete
453 389 634 454 Aeschinem
654 391 801 456 hominem
821 412 930 458 vanum
952 400 982 459 et
1001 393 1170 460 mendacem
1190 396 1279 479 ridet,

101 477 148 540 ita
169 483 203 539 nt
224 471 397 559 Clitagorae
418 473 540 538 acolium
562 475 625 538 eius
646 496 792 563 personae
814 478 1075 545 accommodaverit
1096 502 1124 546 v.
1147 481 1245 547 1243:

116 595 119 599 ·
192 555 288 622 Μετὰ
318 563 429 622 τοῦτον
448 560 600 640 Αἰσχίνης
621 555 637 622 ὅ
659 560 776 622 Σίλλου
798 561 923 641 ῦίξεται,

186 640 279 723 Ἀνὴρ
301 640 400 727 σοφός
421 644 471 704 καί
492 642 656 722 μουσικός·
684 636 753 733 κᾷτ’
777 642 899 732 ᾄσεται·

114 785 117 790 .
191 724 352 811 Χρήματα
373 727 424 788 καί
445 728 515 807 βίον

192 806 388 899 Κλειταγόρᾳ
414 834 446 874 τε
472 810 536 874 κά-

115 944 121 951 ,
193 897 247 977 μοί
273 895 352 977 μετὰ
382 895 554 960 Θετταλῶν.

195 982 291 1044 (ΜΛ.
312 978 424 1043 Πολλὰ
445 980 484 1062 δὴ
506 975 714 1062 διεκόμπασας
734 979 774 1046 σίν
795 977 888 1066 aalydis

194 1066 331 1128 ΒΔΕΛ.
356 1066 452 1128 Τουτὶ
473 1064 529 1145 μὲν
549 1066 685 1141 ίπιεικῶς
705 1062 744 1147 σά
764 1065 796 1151 γ’
821 1068 1024 1142 ἐξεπίστασαι.

108 1149 250 1218 θαλασσία
271 1149 304 1212 in
318 1148 472 1237 Amipsiae
492 1151 629 1215 versibus
650 1158 730 1215 recte
751 1174 799 1215 me
818 1160 887 1241 puto
909 1152 1082 1217 distinxisse
1109 1151 1148 1216 cd
1170 1146 1202 1216 δ’
1226 1141 1280 1241 ᾆδε

107 1233 202 1321 πρός·
245 1230 332 1314 τήνδ’
356 1234 514 1314 ἐκπίομαι,
539 1232 629 1315 τήνδε
649 1235 802 1323 intelligas
824 1234 945 1314 κύλικα,
972 1236 1022 1302 vel
1043 1236 1140 1300 simile
1161 1237 1282 1322 aliquid,

107 1323 154 1386 uti
179 1319 303 1406 Eupolis
336 1318 411 1383 dixit
442 1320 518 1407 apud
543 1319 658 1385 Pclluc.
689 1320 729 1385 X.
750 1322 822 1392 85:¹
855 1320 953 1404 Tp'vo'
989 1320 1083 1396 αὐτὸς
1117 1319 1282 1397 ἔκκανάξει.

108 1406 180 1472 Hoc
201 1416 296 1471 autem
315 1403 514 1490 fragmentum
535 1405 644 1469 eximie
666 1406 803 1470 convenit
824 1413 997 1492 argumento
1019 1406 1083 1470 eius
1105 1404 1281 1486 comoediae,

110 1511 197 1577 quam
219 1488 528 1568 Ἀποκοτταβίζοντας
554 1489 707 1576 Amipsias
734 1490 901 1577 appellavit.
942 1490 1005 1555 Iam
1035 1511 1106 1555 vero
1128 1490 1283 1556 Comasta·

108 1596 177 1640 rum
198 1573 366 1640 memoriam
387 1581 446 1637 tam
467 1572 552 1644 brevi
573 1581 705 1661 tempere
731 1569 907 1638 exstinctam
936 1597 1003 1638 esse
1024 1596 1127 1675 parum
1148 1584 1195 1640 est
1211 1596 1283 1676 pro·

109 1659 225 1740 habile,
258 1679 322 1721 cum
354 1658 428 1721 haec
454 1657 555 1722 [abula
580 1657 674 1744 primo
701 1659 831 1745 praemio
864 1660 901 1722 ab
926 1656 1162 1724 Atheniensibus
1190 1660 1284 1747 digna

109 1744 204 1811 fuerit
223 1742 363 1807 iudicata:
385 1741 462 1827 quod
482 1741 598 1825 quidem
619 1741 740 1806 maximi
761 1750 807 1807 est
827 1742 980 1822 momenti,
1002 1765 1066 1807 cum
1087 1765 1161 1829 quae
1182 1744 1284 1832 disph-
1317 1812 1319 1816 ,

112 1829 247 1895 coissent
257 1826 363 1917 populo
374 1826 541 1891 comoediae
553 1832 603 1889 aut
615 1834 695 1891 certe
705 1826 802 1890 minus
814 1833 915 1890 essent
925 1827 1076 1913 probatae,
1088 1849 1142 1892 eae
1154 1849 1224 1892 mox
1234 1837 1285 1893 aut

112 1916 149 1980 ab
180 1914 254 2000 ipsis
282 1913 448 1976 auctoribus
475 1910 662 1974 abolerentur
689 1918 739 1975 aut
764 1911 797 1975 in
825 1932 983 2000 paucorum
1010 1917 1122 1975 tantum
1146 1913 1285 1978 venirent

111 1999 292 2065 memoriam.
334 1996 436 2080 Itaque
459 2016 516 2082 ego
540 2015 647 2080 sequor
668 1995 756 2060 etiam
777 2017 856 2059 nunc
877 2018 941 2060 eam
963 1992 1177 2078 coniecturam,
1198 2018 1284 2082 quam

112 2085 174 2149 iam
201 2083 269 2147 olim
295 2081 451 2170 proposui,
487 2087 621 2145 servatas
649 2080 764 2165 quidem
794 2102 862 2146 esse
896 2080 1006 2165 aliquot
1029 2080 1170 2166 reliquias
1196 2083 1283 2147 huius

113 2167 302 2248 comoediae,
325 2187 425 2229 verum
446 2185 508 2228 nou
528 2165 598 2229 Ami
619 2165 710 2247 siam,
731 2165 784 2230 sed
805 2164 1010 2251 Phrynichnm
1032 2186 1100 2230 esse
1121 2172 1283 2232 auctorem:

110 2255 156 2319 ita
176 2260 209 2317 ut
228 2253 302 2316 haec
321 2251 332 2313 i
352 2271 387 2314 sa
406 2249 573 2336 Phrynicbi
593 2187 704 2330 ldbula,
725 2250 763 2315 de
785 2271 841 2335 qua
861 2251 948 2315 modo
968 2251 1196 2340 disputavimus,
1221 2250 1286 2318 sola

112 2337 272 2404 exstiterit.
313 2273 461 2400 Elxistino
484 2335 562 2420 enim
581 2335 804 2421 Phrynichum,
832 2357 896 2399 curn
917 2335 991 2400 duas
1021 2337 1186 2403 comoedias
1212 2336 1285 2402 scri-

215 2573 288 2623 Παῖε
305 2573 372 2623 παῖε
396 2565 445 2622 τὸν
466 2544 629 2642 πανοῦργον
645 2568 693 2621 καὶ
709 2562 984 2642 ταραξιππόστρατον

217 2639 275 2690 Καὶ
291 2632 411 2704 τελώνην
433 2638 480 2689 καὶ
506 2630 639 2708 φάρυγγα
663 2637 711 2688 καὶ
729 2630 867 2706 χάρυβδιν
890 2633 1017 2705 ἁρπαγῆς

217 2707 276 2767 Καὶ
297 2708 523 2791 πμνοῦῒργονςκαὶ
540 2706 716 2786 παηοῦργον·
734 2697 866 2786 πηλλάκις
881 2702 935 2785 γάρ
953 2697 1014 2756 αὕτ’
1037 2702 1100 2778 ἐρῶ.

70 2833 73 2837 ,
215 2775 274 2825 Καὶ
289 2792 342 2846 γαρ
361 2791 439 2831 ουτος
455 2788 490 2839 ην
507 2788 667 2843 πανουργος
683 2774 814 2830 πολλακις
830 2789 876 2836 της
891 2775 1007 2841 ημέρας.

113 2866 143 2916 et
159 2864 190 2912 nt
207 2859 273 2912 alios
289 2861 362 2911 locos
380 2858 499 2911 omittam
515 2857 544 2910 ia
560 2858 630 2910 Pace
645 2875 671 2912 r.
684 2857 736 2912 651
753 2858 786 2909 de
802 2857 894 2909 eodem
911 2857 992 2910 dixit:

217 2945 276 2993 Λττ
307 2957 344 2995 αν
361 2956 411 2994 ουν
427 2942 508 3022 λεγης
524 2939 641 3008 ἐκεῖνον,

218 3011 271 3060 Kal
287 3010 445 3088 πανοῦργος
460 3025 509 3074 ην,
529 3003 568 3061 ὅτ’
591 3008 648 3076 ἔζη,

218 3077 277 3128 Καὶ
285 3077 369 3135 λαλος
379 3076 427 3127 καὶ
443 3070 628 3146 συκοφάντης.

218 3145 277 3196 Καὶ
292 3138 432 3212 κύκηθρον
449 3145 497 3195 καὶ
513 3139 675 3215 τάρακτρον,

222 3209 312 3263 Ταῦθ’
334 3205 519 3271 ἁπαξάπαντα
537 3213 601 3264 νυνὶ

222 3275 294 3338 Τοός
310 3279 426 3334 σεαυτοῦ
442 3279 586 3351 λοιδορεῖς.

116 3368 211 3434 ltaque
226 3364 415 3432 Aristophanes
432 3365 461 3417 in
478 3363 590 3416 eundem
606 3363 739 3416 bominem
756 3360 934 3430 irnpudentiae
952 3361 1060 3428 crimen,
1078 3361 1149 3430 quod
1166 3377 1226 3414 cum
1242 3362 1288 3415 illo

116 3434 264 3488 arctissime
281 3433 420 3498 cohaeret,
437 3435 504 3485 solet
521 3432 667 3497 coniicere,
684 3437 714 3484 ut
730 3431 759 3482 in
776 3429 916 3498 Equitibus
933 3445 960 3482 v.
978 3429 1043 3482 304:

217 3506 251 3567 'u
265 3514 348 3586 μιαρὲ
359 3516 406 3567 καὶ
422 3514 536 3585 βδελυρὲ
553 3515 601 3566 καὶ
617 3513 821 3583 κατακεκρᾶκτα
834 3513 882 3563 τοῦ
899 3512 950 3564 σοῦ
963 3505 1089 3584 θράσους

220 3586 308 3635 Πᾶσα,
320 3582 375 3654 μὲν
391 3586 427 3653 γῆ
443 3584 529 3650 πλέα,
547 3584 622 3634 πᾶσα
641 3580 669 3634 d’
690 3583 818 3647 ἐκκλησία
836 3580 892 3631 κτλ.

76 3697 81 3707 f
117 3659 186 3723 adde
203 3668 268 3720 ibid.
286 3686 311 3721 v.
329 3668 394 3734 322,
412 3668 463 3721 409
480 3674 507 3720 et
523 3684 604 3736 supra
619 3675 644 3721 τ.
662 3666 723 3732 277,
740 3681 898 3734 quamquam
915 3663 958 3716 hic
975 3663 1081 3733 quidem
1097 3665 1185 3732 locus,
1210 3666 1290 3730 vulgo

117 3737 349 3806 corruptissimus,
367 3737 444 3788 aliter
460 3742 500 3799 est
517 3735 729 3788 constituendus:
752 3734 790 3785 ita
807 3733 877 3785 enim
894 3731 1013 3798 corriges

220 3821 285 3870 ΚΛ.
306 3808 345 3869 Ὢ
364 3811 442 3877 πόλις
464 3819 511 3870 καὶ
528 3815 592 3887 δῆμ’
613 3813 665 3887 ὑφ’
686 3818 753 3868 οἵαν
769 3819 876 3886 θηρίων
892 3817 1089 3888 γαστρίζομαι,·

118 3916 121 3920 -
223 3889 287 3941 ΧΟ.
304 3889 362 3937 Καὶ
377 3890 528 3956 κέκραγας,
553 3886 646 3958 ιῦσπερ
664 3883 709 3936 ἀεὶ
725 3879 775 3948 τὴν
791 3877 873 3935 πόλιν
890 3887 1082 3955 καταστρέφει.

222 3957 287 4007 ΚΛ.
302 3950 379 4038 ’Ἀλλ’
401 3949 456 4036 ἐγώ
475 3968 505 4006 σε
523 3955 555 4025 τῇ
570 3953 621 4035 ῥοῇ
638 3947 730 4032 ταάτηυ
737 3967 769 4020 γε
779 3953 882 4034 υπρῶτα
899 3954 1048 4022 τρέψομαι.

223 4024 287 4077 XO.
303 4023 364 4072 Λλλ
397 4021 448 4074 ίαν
464 4021 529 4091 μὲν
547 4019 650 4074 corda
668 4036 744 4086 νικᾳς
761 4037 790 4089 τη
807 4025 872 4089 pop,
891 4019 1123 4083 τηνελλίσεις·

215 4084 272 4143 Ἤν
295 4085 323 4141 d’
345 4085 473 4156 ἀναιδείη
496 4089 654 4162 παρέλθη
678 4084 719 4152 c’,
742 4081 873 4159 ἡμέτερος
897 4080 911 4138 ό
935 4086 1090 4157 πυραμοῦς.
1309 4136 1312 4140 ,

116 4178 262 4245 Tanquam
285 4173 370 4226 iurem
388 4175 500 4228 eundem
521 4175 590 4228 ridet
608 4172 639 4226 in
655 4171 795 4241 Equitibus
818 4187 844 4225 v.
862 4169 922 4238 247,
946 4175 974 4223 et
995 4186 1086 4223 rursus
1108 4188 1135 4225 r.
1151 4173 1204 4229 438
1218 4173 1293 4227 illum

115 4245 170 4300 sibi
193 4257 317 4307 maguam
333 4247 436 4312 partem
460 4242 588 4312 pecuniae
609 4240 730 4311 publicae
751 4239 781 4292 in
805 4238 1002 4308 expugnatione
1017 4239 1160 4295 Potidaeae
1176 4242 1294 4298 vindica.

114 4314 191 4371 visse
207 4310 304 4376 arguit.
926 4312 929 4317 ’
1049 4391 1092 4459 24
1166 4345 1168 4351 .
