2768 4770
116 200 183 274 304
411 192 416 197 ’
504 202 912 275 COMMENTATIONES

115 370 199 440 feros
221 374 336 462 agresti
354 372 434 439 victu
455 372 545 439 uitam
565 372 727 439 tolerasses
747 378 778 438 et
798 377 831 437 ut
851 366 1024 457 στρόβηλοι
1042 370 1168 443 oleastri
1186 372 1279 445 hm

115 464 275 543 vocantur,
316 460 359 524 ita
385 458 542 545 ένθρυσκα
568 464 599 524 et
624 454 767 545 βράκανα
835 458 928 523 restio
954 458 1040 525 oleru
1059 465 1150 617 Ἣ
1206 462 1277 615 pihdup
1313 498 1316 580 η

137 566 173 608 au
194 566 261 610 eres
283 546 465 631 potissimum
485 542 567 609 vesci
587 544 714 625 soleant,
734 540 795 607 vid.
845 540 1041 613 vidutdau.

115 563 302 696 h³hihemonis
324 635 354 695 et
374 628 515 695 Baucidis
537 628 755 717 hospitahtato:

203 714 344 801 Quodque
365 736 436 779 suus
459 716 568 779 coniux
587 714 676 802 riguo
697 712 862 801 collegerat
880 712 979 798 horto,

202 798 340 864 Truncat
366 800 431 865 olus
451 800 544 865 soliis.
991 808 999 821 “

116 880 261 951 Horatius
282 884 378 973 Epist.
399 884 424 949 Ι.
446 884 468 951 5
489 885 574 949 init:

202 967 237 1033 Si
258 978 342 1058 potes
360 969 518 1034 Archiacis
540 967 665 1033 conviva
685 967 857 1035 recumbere
877 966 963 1033 lectis

198 1054 263 1119 Nec
284 1053 398 1119 modica
419 1076 545 1119 coenare
565 1054 651 1119 times
673 1053 738 1119 olus
756 1073 843 1119 omne
863 1052 983 1143 patella.

116 1142 149 1203 et
168 1139 272 1204 eodem
292 1140 368 1204 lihro
391 1141 443 1221 17„
465 1140 522 1203 132

200 1222 236 1288 Si
276 1225 416 1288 randeret
437 1222 501 1291 olus
523 1223 681 1311 patienter,
701 1221 825 1309 regibus
846 1222 890 1287 uti
946 1238 950 1247 ·

199 1244 302 1373 Nutha
322 1309 510 1396 Aristippum
534 1308 561 1372 si
588 1309 679 1372 sciret
703 1307 827 1395 regibus
853 1308 907 1392 uti,

198 1392 363 1457 Fastidiret
383 1394 469 1473 olus,
491 1392 540 1478 qui
561 1414 608 1457 me
629 1399 720 1457 notat.
1051 1434 1054 1441 -
1312 1418 1316 1468 -ς

113 1475 254 1551 Quintum
274 1499 392 1543 versum
413 1477 618 1564 redintegrati
639 1477 739 1541 addito
759 1476 903 1542 vocabulo
922 1470 1105 1555 ἀνιστάντος,
1126 1474 1275 1565 modicus
1299 1483 1316 1527 .:

114 1562 151 1626 ab
174 1561 354 1628 dubitatione
382 1562 552 1627 defenditur
579 1562 727 1626 simillimo
756 1562 891 1651 exemplo
919 1558 1066 1645 ἀγχασκε,
1096 1582 1154 1649 quo
1173 1556 1276 1629 Phous-

113 1652 224 1711 cratem
246 1669 330 1713 usum
351 1669 419 1712 esse
440 1654 565 1712 testatur
587 1646 802 1713 Grammaticus
817 1646 957 1711 Bekkeri
977 1646 1021 1713 Τ.
1034 1646 1061 1714 1.
1081 1656 1113 1737 p.
1127 1644 1202 1715 340.

197 1730 249 1797 Ex
259 1734 373 1797 incerta
384 1732 483 1818 aliqua
493 1732 685 1797 Pherecratio
697 1732 800 1797 fabula
809 1732 949 1797 versiculi
960 1738 1075 1823 partem
1083 1728 1277 1821 ad’ortHosy·

113 1815 211 1882 chius:
229 1816 409 1900 Ἐπίμεστα·
431 1814 544 1901 πλήρη,
564 1816 721 1881 τουτέστιν
741 1818 791 1880 snt
812 1820 949 1902 κεφαλῆς
963 1818 1015 1881 καλ
1028 1816 1075 1901 μή
1091 1812 1276 1901 ἀπεψηαέαι.

115 1900 324 1987 Φερεκράτης·
356 1903 560 1989 Βριδομένων
581 1899 711 1986 ἀγαθῶν
737 1901 786 1967 tut
802 1902 973 1987 τραπέζης.
1000 1922 1089 1988 quom
1108 1902 1276 1969 venimlm

112 2008 178 2052 cum
204 1987 377 2075 Hesychius
404 1989 441 2053 oh
468 1988 500 2053 id
529 1988 626 2077 ipsum
672 1987 801 2068 roserat,
830 1992 863 2052 ut
887 1986 1070 2053 demonstret
1094 1984 1276 2071 ἔπίμιστιιι

110 2071 293 2137 Pheret-rate
320 2073 428 2137 dictum
459 2093 545 2155 esse,
586 2008 671 2138 illudJ
685 2071 898 2137 restituendum
925 2070 1000 2137 uidit
1018 2066 1277 2139 Blomfieldiusd
1312 2096 1316 2130 ι

110 2156 256 2243 Aeschyl.
279 2156 361 2245 Sept.
383 2157 449 2221 adv.
472 2157 535 2221 Th.
555 2177 585 2221 v.
607 2154 687 2239 141,
709 2156 763 2221 sed
783 2178 823 2220 ne
844 2156 888 2221 sic
909 2155 1025 2243 quidem
1043 2154 1130 2223 locu·
1152 2163 1202 2225 eut
1217 2174 1278 2248 pue

111 2248 250 2307 sanatus:
271 2263 366 2327 neque
388 2242 466 2305 enim
485 2241 672 2343 perspicitur,
693 2240 772 2306 unde
792 2240 866 2306 illud
878 2239 1030 2326 τραπέζης
1040 2240 1083 2307 sit
1092 2258 1276 2335 suspensum

111 2347 180 2391 nam
194 2325 301 2425 dyo-td
313 2326 463 2410 τραπέζης
484 2348 611 2415 iungere
631 2326 723 2391 fuerit
734 2325 947 2391 duriusculum:
969 2332 1000 2391 et
1018 2326 1276 2415 praetoreamiuut

110 2417 192 2476 recte
212 2433 280 2561 rpsp1
303 2410 357 2475 illa
383 2412 461 2476 hona
487 2412 623 2478 dicuntur
642 2412 826 2496 βρίθεσθαι.
868 2409 1067 2479 Pherecrates
1087 2410 1191 2503 potius
1211 2407 1276 2479 usui·

131 2496 208 2562 sisse
230 2498 260 2560 vi
281 2503 362 2561 etur:
1067 2530 1072 2535 -
1161 2546 1164 2551 .

110 2518 129 2587 p
196 2579 443 2668 Βριδομένης
464 2577 616 2645 πόντων
636 2579 767 2665 ἀγαθῶν
787 2580 973 2664 έπίμεστα
991 2578 1159 2669 τραπέζης.

108 2664 249 2732 Mensam
280 2668 359 2732 enim
387 2666 457 2730 dicit
488 2665 604 2730 ahunde
630 2674 782 2732 oneratam
808 2674 876 2733 esse
902 2666 998 2733 omniu
1026 2666 1154 2755 generis
1181 2664 1276 2747 honis*

110 2752 282 2840 βρίδεσθαι
304 2750 441 2816 similiter
462 2750 499 2815 de
521 2772 625 2816 mensa
645 2751 723 2816 dixit
741 2751 902 2840 Euripides
922 2752 957 2819 in
977 2750 1103 2819 Cressis
1123 2748 1277 2825 Fufflt

194 2836 242 2903 At
263 2831 403 2921 δεότεραί
423 2860 487 2911 πως
508 2838 668 2921 φροντίδες
688 2833 879 2922 σοφώτεραι·

196 2923 240 2985 Τί
258 2920 316 3007 γάρ
343 2925 440 2985 ποθεῖ
454 2919 607 3007 τρόπεζα,·
632 2926 678 3011 τῷ
699 2920 730 2986 δ’
756 2920 792 2987 od
813 2922 976 3007 βρίθεταις

191 3006 323 3092 Πλήρης
343 3006 400 3088 μέν
421 3003 510 3087 douo
530 3006 679 3085 ποντίων,
699 3002 820 3092 πάρεισι
842 3006 877 3071 δέ

192 3089 335 3174 Μόσχον
355 3116 387 3156 τε
409 3090 488 3177 σάρξ
509 3090 625 3178 τέρεινα
644 3093 750 3174 χηνεία
772 3116 804 3157 τε
825 3093 895 3168 δαίς

192 3179 259 3242 Καὶ
281 3175 380 3240 πεπτὰ
401 3179 452 3239 καὶ
474 3177 609 3262 κροτητὰ
634 3182 690 3260 τής
710 3175 923 3264 ξουθοπτέρου

192 3257 299 3326 Πελόν
344 3266 491 3344 μελίσσης
512 3258 662 3349 ἀφθόνως
683 3260 856 3344 δεδευμένα

106 3345 221 3412 Eodem
249 3286 334 3413 mohh
362 3347 474 3435 Archip
495 3370 531 3413 us
556 3348 589 3413 in
615 3346 748 3414 Hercule
778 3366 903 3413 uxorem
928 3344 1056 3413 ducente
1083 3344 1168 3438 apud
1190 3342 1282 3413 sue

106 3453 213 3497 uacum
233 3431 317 3501 XIV.
338 3453 367 3519 p.
388 3434 454 3498 640
471 3369 515 3498 δι
559 3448 562 3453 ·
809 3512 811 3517 ¹
1110 3510 1114 3515 ¹

189 3514 308 3600 Ἰτρίοις
329 3513 541 3600 έπιφορήμασί
558 3515 590 3582 τ’
612 3512 714 3592 ἀλλοις
735 3514 884 3601 γέμουσα.

105 3600 128 3668 ἰ.
149 3622 177 3667 e.
197 3597 342 3682 τράπεζα.
368 3604 548 3683 Βρίθεσθαι
575 3623 640 3666 oum
661 3601 789 3666 secundo
812 3621 883 3667 casu
908 3598 1041 3669 iunctum
1059 3598 1181 3693 legitur
1199 3600 1282 3671 ofin

107 3685 184 3775 apud
205 3684 369 3750 Homerum
390 3685 503 3772 Hymn.
524 3687 556 3752 in
578 3685 683 3752 Cerer.
706 3707 734 3752 u.
754 3684 834 3751 453:

191 3770 317 3835 Μέλλεν
334 3767 420 3855 ἀφαρ
442 3780 582 3836 ταναοῖσι
603 3767 748 3853 κομήσειν
768 3763 973 3853 ἀσταχύεσσιν

183 3846 282 3940 Ἦρος
303 3853 488 3936 ἀεξομένοιο,
509 3856 593 3946 πέδῳ
614 3856 647 3920 δ’
662 3854 726 3943 ἀρα
746 3855 847 3933 πίονες
867 3851 968 3943 όχμοι,

190 3939 342 4022 Βρισέμεν
362 3938 535 4022 ἀσταχύων.
614 3954 627 3975 ‘

106 4031 138 4093 et
156 4025 309 4091 Hesiodus
331 4024 420 4115 Clyp.
441 4048 471 4094 v.
490 4028 569 4093 289:

544 4110 585 4176 Οἳ
603 4134 636 4195 γε
655 4108 712 4193 μέν
731 4106 820 4193 duur

189 4196 317 4303 Λίχμής
343 4192 456 4282 όξείησι
477 4192 688 4281 κορωνιόωντα
715 4194 843 4279 πέτηλα,

189 4283 371 4367 Βριθομενα
391 4277 549 4366 σταχόων,
570 4276 643 4349 ἀσελ
663 4275 848 4369 Δημήτερος
867 4269 973 4362 ἀκτήν.
