2768 4770
331 201 389 268 ma
410 200 552 277 anulo.
568 199 755 270 comeso.
774 148 882 298 arr.
901 202 1047 280 auras.
1207 204 1273 274 asa

103 371 228 440 nomine
249 371 380 436 servavit
399 369 510 434 Pollux
530 368 601 440 Vll.
620 371 701 436 210:
730 371 796 433 Kal
814 365 932 455 χάρτυς
953 369 987 434 δὲ
1006 368 1080 446 τους
1104 373 1274 457 γεγραμμέ-

98 483 178 534 νους
199 453 335 519 Πλάτων
355 455 469 539 εἴρηκεν
490 452 506 518 ὁ
528 451 675 535 κωμικός·

195 540 246 604 Τὰ
266 548 458 624 γραμματεῖα
479 536 552 614 τοάς
572 563 604 602 τε
622 535 740 624 χάρτας
760 539 793 602 ἐκ
820 537 906 624 ίρων.

71 700 76 707 .
104 627 223 693 litteras
245 625 321 689 enim
343 624 484 723 publicas,
506 645 578 710 quas
599 623 717 772 λοξοῖσι
739 624 775 687 ad
814 646 1059 711 ersarumregem
1101 628 1273 694 erferendas

106 716 277 798 acceperat,
301 709 407 773 dicutur
425 730 497 796 prae
516 708 608 772 nimia
649 708 755 773 abeudi
777 709 932 796 cupiditate
954 716 984 774 et
1003 648 1182 799 impudentia
1202 722 1275 780 ven·
1316 746 1318 751 ·

74 860 79 867 ,
106 795 239 861 didisse:
266 794 402 858 similiter
421 814 482 857 non
502 792 622 880 illepide
641 793 859 882 Aristophanes
880 796 913 858 in
934 793 1085 883 Gerytade
1107 799 1273 888 delegatis

105 881 186 947 lame
208 880 319 943 enectis
341 878 416 942 dixit
435 876 489 942 Fr.
510 877 569 940 lX;
796 907 799 914 ,

196 962 263 1045 Τη“ν
282 958 410 1043 μάλθαν
431 963 464 1026 ἐκ
484 967 545 1024 τῶν
564 961 779 1043 γραμματείων
799 959 921 1043 ἤσθιον.

56 1045 368 1114 -”Ρ1οολοτοεινοτο
394 1045 481 1110 Plato
507 1046 624 1110 inillis
651 1045 816 1110 bominibus
842 1047 872 1111 id
898 1049 1024 1131 notavit,
1052 1051 1127 1136 quod
1152 1051 1273 1120 barbam

56 1196 69 1217 ι,
105 1133 196 1198 nimis
216 1131 362 1220 prolixam
384 1131 510 1195 alerent:
542 1153 610 1195 uam
636 1130 692 1194 huc
719 1131 846 1218 pertinet
866 1132 1063 1219 fragmentum
1084 1136 1172 1219 illud,
1198 1139 1274 1223 quod

56 1224 61 1257 ί
103 1218 219 1303 legitur
240 1217 316 1304 apud
335 1216 495 1304 Aspasium
517 1215 554 1280 ad
576 1214 729 1279 Aristotel.
750 1215 848 1280 Ethic.
869 1217 1037 1283 Nicomach.
1058 1219 1112 1288 IV.
1132 1224 1169 1286 7:
1199 1219 1274 1288 Οἴου

103 1299 211 1386 ἡτῶν
230 1298 393 1365 Λακώνων
418 1299 516 1381 ἐσθὴς
541 1299 662 1380 εὐτελὴς
692 1298 769 1381 άγαν
797 1300 959 1407 ἱστορεῖται
986 1302 1179 1389 Ξενοφῶντι·
1222 1307 1272 1372 διὰ

56 1388 68 1445 .'
102 1392 208 1453 ταῦτα
228 1381 418 1451 σκώπτουσιν
430 1383 542 1460 αὐτοὺς
564 1384 592 1448 oi
609 1387 836 1470 anapoanam‘·
859 1411 901 1462 ως
910 1383 1046 1452 Πλάτων
1066 1390 1274 1474 ίνΠρίσβεσι·

192 1487 335 1568 Χαίρεις,
358 1484 452 1566 οἶμαι,
473 1481 715 1566 μεταπεττεάσας
737 1485 831 1550 αὐτὸν
852 1489 1085 1568 διακλιμακίσας
1106 1516 1147 1569 τε,

195 1572 260 1635 Τὸν
280 1567 461 1653 ίιπηνόβιον,
483 1572 736 1653 σπαρτιοχαίτην,
758 1568 998 1655 ῥυποκάνάυλον,
1021 1573 1232 1661 ἑλκετρίβωνα.

102 1685 200 1748 τοῦτο
221 1680 280 1766 γὰρ
290 1679 440 1755 Λάκωνες
461 1682 590 1754 ἐποίουν,
613 1674 786 1762 ἐγκράτειαν
801 1679 869 1742 τινά
885 1684 935 1744 καὶ
949 1685 1109 1766 καρτερίαν
1130 1689 1275 1772 ἐπαγγελ-

102 1763 239 1847 λάμενοι.
269 1787 363 1850 neque
385 1767 463 1830 enim
485 1765 558 1828 haec
579 1775 663 1844 sunt,
685 1763 761 1849 quod
781 1764 909 1828 fortasse
930 1766 1072 1853 quispiam
1094 1792 1133 1834 ex
1152 1772 1276 1862 Aspasii

103 1851 209 1916 verbis
221 1851 372 1927 coniiciat,
395 1851 431 1914 de
442 1848 680 1913 Lacedaemonio
694 1848 789 1933 aliquo
802 1848 894 1930 dicta,
916 1850 969 1914 sed
983 1852 1043 1915 acci
1063 1852 1151 1919 ieuda
1167 1865 1218 1921 aut
1238 1858 1276 1924 da

104 1935 264 2035 Epicrate,
286 1943 336 2000 aut
357 1935 393 1999 de
414 1932 600 2012 Phormisi03
621 1932 658 1996 de
680 1933 821 1998 alterutro
844 1941 922 1998 certe
944 1944 1013 1999 sunt
1034 1873 1124 2002 dicta:
1153 1950 1281 2028 uterque·

107 2041 190 2085 enrm
219 2040 300 2083 more
326 2018 632 2083 Lacedaemoniorum
664 2018 784 2082 barbam
815 2018 920 2083 alebat.
962 2020 1131 2109 Epicratem
1157 2025 1277 2092 Aristo.

106 2105 222 2194 phanes
242 2105 275 2166 in
296 2103 511 2167 Ecclesiazusis
532 2123 561 2166 v.
582 2103 625 2167 68
645 2109 801 2190 propterea
821 2103 877 2167 hoc
898 2105 983 2170 modo
1004 2105 1087 2171 risit:

188 2185 295 2268 ’Ἔχετε
317 2188 350 2250 δι’
370 2187 443 2262 τοὺς
464 2183 624 2268 πώγωνας,
653 2185 706 2262 οὓς
727 2186 823 2273 εἴρητ’
847 2186 924 2271 ἔχειν

193 2270 352 2335 Πάσαισιν
371 2268 459 2352 ἡμῖν,
480 2267 570 2336 ὃπάτε
591 2272 812 2355 συλλεγοίμεθα
819 2299 830 2354 ,·
1027 2349 1030 2356 ¹

194 2359 226 2420 Γ
227 2359 328 2420 ΥΝΗ.
350 2358 392 2419 Δ.
423 2355 475 2437 Νὴ
496 2355 551 2438 τὴν
568 2351 719 2437 Ἓκάτην,
741 2357 835 2420 καλόν
855 2354 885 2440 γ’
909 2355 998 2442 ἔγωγε
1018 2363 1149 2428 τουτονί.
1238 2416 1241 2421 .

195 2443 330 2506 ΓΥΝΗ.
350 2443 386 2504 Ε.
409 2439 535 2524 Κάγωγ’
555 2438 761 2524 Ἐπικράτους
782 2439 838 2504 oda
859 2441 949 2527 ὀλίγην
971 2447 1125 2512 καλλίονα.
1214 2500 1216 2505 .

107 2551 162 2617 ubi
183 2543 363 2615 Scholiasta:
399 2540 498 2625 Οὗτος
518 2552 706 2635 κωμῳδεῖται
728 2551 770 2625 εἰς
791 2551 968 2632 δασίτηται
990 2543 1027 2634 ἦν
1048 2555 1082 2618 δὲ
1102 2551 1203 2642 ῥήτωρ
1225 2562 1277 2622 καί

107 2631 305 2719 δημαγωγός·
334 2625 424 2710 οὗτος
443 2636 539 2719 μίγαν
560 2634 690 2718 πάγωνα
710 2631 786 2716 ἔχων
806 2636 975 2700 ἐπεκαλεῖτο
997 2638 1198 2725 σακεσφόρος.
1226 2645 1278 2706 καὶ

106 2716 248 2786 Πλάτων
269 2717 285 2782 ὁ
308 2715 453 2800 Κωμικάς
473 2740 581 2804 φησιν·

190 2802 282 2880 Ἄναξ
301 2801 419 2887 ὑπήνης
435 2802 616 2888 Ἐπίκρατες
642 2799 823 2890 σακεσφόρε.

110 2927 198 2991 quem
228 2926 344 2970 versum
373 2927 413 2970 ex
439 2905 568 2992 Legatis
592 2905 731 2970 ‘Platonis
760 2905 959 2994 depromptum
986 2929 1053 2973 esse
1080 2908 1139 2974 iam
1161 2908 1279 2976 Meine-
1306 2967 1313 2985 „

108 2993 183 3056 kias
210 2992 320 3055 statuit.
361 2990 419 3055 Est
444 2998 540 3056 autem
567 2990 604 3055 ad
634 2990 812 3076 tragicorum
839 2991 1058 3058 similitudinem
1085 2994 1276 3082 compositus:

109 3075 155 3140 ita
175 3075 342 3162 Aeschylus
363 3074 396 3138 in
416 3074 521 3139 Persis
542 3097 571 3139 v.
591 3073 671 3140 384:
1277 3072 1280 3081 '

518 3161 592 3234 Πᾶς
612 3158 688 3244 ἀνὴρ
710 3155 814 3241 κάπης
835 3157 911 3236 dvo}

197 3246 253 3318 Είς
273 3249 349 3307 ναῦν
369 3240 474 3328 ίχιάρει
494 3249 555 3318 πᾶς
575 3241 607 3306 θ’
631 3242 733 3308 ὅπλων
753 3242 924 3328 ἐπιστάτης.

112 3335 144 3394 et
164 3327 322 3436 Euripides
343 3329 376 3392 in
398 3328 534 3417 Telepho
554 3327 609 3392 Fr.
621 3327 695 3392 XX:

198 3415 317 3494 Κωπης
338 3408 461 3476 ἀνάσσει
482 3410 622 3493 κᾶποβὰς
641 3415 684 3488 εἷς
703 3412 834 3478 Μυσίαν

194 3496 452 3584 Ἕτραυματίσθη
473 3497 606 3578 πολεμίω
623 3498 773 3582 βραχίονι.
892 3560 895 3565 ,

112 3583 314 3667 Σακεσφόρος
336 3589 430 3646 autem
451 3588 573 3646 vocatur
587 3559 741 3670 Epicrates
763 3583 850 3647 etiam
872 3581 1060 3648 aPlutarcho
1080 3582 1277 3671 vitPelopid.

110 3667 134 3733 l.
157 3666 177 3732 l.
221 3667 270 3732 Cf.
291 3667 422 3752 Etymol.
443 3665 487 3730 M.
508 3687 537 3753 p.
558 3668 633 3748 361,
655 3671 691 3730 3:
708 3663 897 3750 Ἐπικράτης
912 3666 1078 3751 Ἀθηναῖος
1099 3668 1279 3752 δημαγωγὸς

113 3749 131 3816 ὅ
154 3753 205 3814 καλ
235 3751 347 3836 ἔφορος
373 3751 456 3837 (lego
483 3748 686 3836 σακεσφόρος)
713 3750 912 3832 καλούμενος·
944 3751 1007 3816 ἔστι
1035 3755 1069 3816 δὲ
1089 3748 1106 3816 ὃ
1128 3756 1277 3835 Αῗσχίνου

113 3835 262 3918 κηδεστὴς
282 3838 333 3898 καὶ
354 3832 460 3910 ἄλλος,
491 3825 528 3899 οὗ
547 3836 698 3917 μέμνηται
718 3839 914 3921 Λυκοῦργος.
957 3836 1040 3902 Male
1061 3837 1192 3902 confudit
1212 3860 1278 3904 eum

113 3943 181 3986 cum
201 3921 340 4008 Epicrate
361 3917 521 3984 Aeschinis
548 3929 692 4007 cognato,
734 3922 783 4007 qui
809 3922 865 3987 luit
884 3942 1006 4010 prorsus
1028 3922 1176 3987 diversus:
1220 3924 1280 3988 nisi

113 4007 193 4071 forte
214 4005 415 4070 scribendum:
436 4003 500 4068 ἔστι
521 4005 625 4069 δὲκαὶ
648 4001 664 4068 ὁ
685 4008 761 4071 Ata.
781 4007 802 4071 i.
813 4029 839 4072 e.
861 4021 914 4077 eet
931 4029 1008 4070 υιυυ
1021 4014 1121 4073 etiam
1142 4006 1183 4090 (E
1203 4007 1279 4074 iera·

114 4093 175 4172 tes)
199 4093 262 4172 qui
272 4095 351 4166 froid
370 4105 534 4172 cognatm
555 4091 741 4167 Aeschinis,
763 4091 800 4156 de
820 4112 877 4176 quo
899 4091 1072 4157 cl.Ph0llus
1093 4112 1122 4178 p.
1135 4029 1215 4174 filil,
1230 4095 1279 4158 16.

114 4175 166 4239 De
186 4173 324 4263 Epicrate
347 4174 384 4237 cf.
405 4183 559 4263 praeterea
579 4175 704 4275 Epistol
717 4175 831 4242 Socrat
851 4199 881 4264 p.
893 4176 945 4243 29.
965 4174 1151 4242 Phormisius
1191 4177 1281 4243 ariter

115 4260 237 4325 barbam
258 4258 403 4346 prolixam
425 4261 569 4346 gerebat,
594 4261 654 4329 vid.
680 4260 898 4350 Aristophanes
918 4260 952 4326 in
972 4260 1070 4327 Ranis
1088 4281 1119 4326 v.
1174 4343 1177 4347 ‚
1208 4282 1216 4324 ι
