2760 4792
286 215 346 284 DE
368 214 512 293 numo.
532 212 721 285 bonoso.
744 213 851 283 ΔΤΤ.
871 212 1019 290 nmmo.
1172 216 1240 285 383

67 383 231 472 Compares
271 390 407 450 raeterea
426 405 491 450 cum
512 384 569 450 boc
589 404 703 473 genem
723 381 841 449 dicendi
860 381 1109 471 Aristophanem,
1135 383 1238 471 quiin

66 469 217 534 Heroibus
239 403 316 535 ‹loxit
335 468 389 534 Fr.
410 468 473 533 111:

155 552 246 637 Τρέχ’
267 557 309 630 εἷς
329 553 383 618 τδν
405 550 485 618 οἶνον
505 550 650 639 ἀμφορέα
671 550 757 616 κενὸν
776 548 883 632 λαβὼν

153 643 225 702 Τῶν
245 636 371 703 ’ἔνδοθεν
391 641 442 702 καὶ
462 633 572 719 βδσμα
592 639 643 701 καὶ
664 634 850 722 γτυστήριον.

64 723 263 790 Citharoedus
284 731 381 789 autem
401 725 483 788 iubet
502 722 582 788 intus
601 723 659 787 sibi
680 722 782 786 efferri
805 722 948 787 citharam
969 728 1000 786 et
1020 720 1119 788 fibulis
1141 726 1239 811 aptam

62 819 192 873 vestem:
226 809 388 874 citharoedi
414 808 493 873 enim
524 808 695 896 plerumque
722 807 795 872 satis
824 806 951 907 superbo
982 815 1087 871 ornatu
1138 808 1238 873 redire

63 894 213 1044 sole3lr3a11nt:
239 893 338 980 itaque
358 913 459 958 eorum
486 892 633 958 luxuriem
654 893 790 981 exagitat
809 891 1027 980 Austophanes
1047 893 1080 956 in
1132 894 1238 958 ubibus

62 1001 93 1044 ν.
185 1001 192 1043 :
1047 1037 1048 1040 ,

151 1060 199 1126 Ob
220 1059 279 1149 γὰρ
300 1060 347 1142 μδ
356 1060 412 1125 Δί’
428 1057 514 1126 οἷσθ’
534 1059 601 1145 ὁτιὴ
621 1061 782 1137 πλείστους
802 1051 895 1124 αδται
904 1056 1052 1142 βόσκουσι
1073 1057 1237 1147 σοφιστάς.

150 1143 398 1234 Θουριομάντεις,
420 1145 648 1233 ἷατροτέχνους,
671 1142 1234 1232 σφραγιδονυχαργοκομήτας,

146 1233 324 1297 Κυκλλων
350 1256 389 1297 τε
412 1237 536 1318 χορῶν
562 1227 914 1380 ᾀσματοιράμπτας,
943 1228 1059 1318 ἄνδρας
1083 1255 1236 1318 μετεωρο-

742 1341 836 1393 νακας

150 1401 249 1465 Οὐδὲν
268 1403 408 1489 δρῶντας
427 1397 577 1484 βόσκουσ’
601 1341 729 1487 οἷργαδῖ,
750 1398 796 1466 ὅτι
817 1364 934 1477 ταύτας
953 1405 1204 1483 μουσοποιοῦσιν.

61 1486 135 1552 haec
156 1487 234 1552 enim
255 1488 419 1552 arctissime
443 1485 606 1576 copulanda
627 1493 706 1551 sunt
747 1485 789 1550 Et
809 1494 943 1551 accurate
965 1485 1125 1552 citharoedi
1146 1507 1235 1551 orna-

62 1578 121 1635 tum
151 1573 206 1636 sub
235 1573 335 1637 oculos
357 1573 441 1657 quasi
469 1571 587 1635 subiicit
606 1569 753 1658 Apuleius
773 1569 879 1635 Floril.
899 1569 974 1640 XV:
1017 1570 1232 1653 „Adulescens

62 1663 108 1721 est
127 1656 254 1721 visenda
272 1655 484 1744 pulcritudine,
516 1654 646 1719 crinibus
673 1653 772 1717 fronte
813 1655 880 1718 arili
905 1664 1043 1744 separata
1063 1677 1118 1745 per
1137 1655 1232 1721 malas

59 1740 204 1806 revulsis:
251 1759 308 1804 one
330 1760 431 1802 aurem
453 1759 535 1802 coma
554 1737 701 1825 prolixior
720 1675 943 1802 interlucentem
965 1742 1107 1806 cervicem
1129 1761 1234 1829 scapu-

59 1824 156 1891 larum
177 1761 285 1890 finibus
307 1824 475 1887 obumbrat:
508 1824 610 1887 cervix
631 1821 836 1910 semiplena,
864 1821 959 1886 malae
979 1824 1103 1906 uberes,
1135 1845 1233 1910 genae

60 1915 186 1990 teretes,
213 1930 249 1973 ac
269 1907 365 1972 medio
386 1915 484 1972 mento
506 1906 626 1989 lacuna,
669 1906 754 1992 eique
779 1908 908 1994 prorsus]
929 1907 1141 1973 citharoedicus
1171 1916 1234 1989 sta·

58 2003 106 2057 tus
127 1990 224 2057 Deam
246 2013 317 2057 cons
337 1992 448 2073 iciens,
468 1993 587 2056 canenti
607 1990 729 2073 similis,
756 1990 883 2056 tunicam
903 1991 1026 2092 picturis
1046 1993 1230 2080 variegatam
1307 2022 1310 2026 ·

59 2078 183 2142 deorsus
217 2077 255 2143 ad
280 2013 371 2166 pelas
401 2077 529 2141 deiectus
556 2077 657 2166 ipsos,
685 2075 866 2142 Graecanico
894 2077 1032 2164 cingulo,
1074 2077 1231 2165 chlamyde
1276 2104 1279 2108 ·

57 2162 138 2226 velat
158 2168 311 2248 uhumque
331 2161 482 2227 brachium
496 2161 625 2248 adusque
636 2161 777 2226 articulos
795 2161 973 2250 palmarum:
995 2170 1093 2227 cetera
1113 2162 1229 2228 decoris

56 2247 89 2311 in
111 2247 194 2311 striis
215 2245 395 2336 dependent:
423 2246 536 2311 cithara
555 2246 652 2311 balteo
674 2246 786 2311 caelato
808 2254 892 2335 apta,
913 2248 1036 2313 strictim
1057 2248 1230 2330 sustinetur,

56 2353 161 2397 manus
186 2332 249 2397 eius
281 2339 418 2409 tenerae,
471 2332 639 2414 rocerulae,
670 2331 756 2396 laeva
781 2331 957 2398 distantibus
985 2332 1087 2421 digitis
1119 2353 1230 2399 neruos

57 2418 191 2498 molitur,
235 2417 359 2481 dextera
392 2353 547 2505 psalentis
582 2424 669 2505 gestu
708 2416 894 2505 pulsabulum
926 2417 1057 2483 citharae
1083 2417 1229 2502 admovet,

57 2523 110 2565 ceu
132 2509 236 2591 parata
255 2503 447 2591 percutere.“

139 2601 190 2666 Ex
210 2601 348 2668 Platonis
371 2604 545 2688 θιγμὲδυι
572 2600 669 2666 artum
694 2601 893 2689 fragmentum
913 2600 1052 2669 Bekkeri
1074 2599 1227 2669 Gramma-

55 2688 130 2752 ticus
152 2687 194 2752 Τ.
205 2687 229 2751 Ι.
250 2707 279 2776 p.
292 2688 367 2768 36⁰,
388 2689 410 2754 6
431 2688 464 2751 in
485 2707 540 2772 qno
562 2686 739 2774 corrigendo
760 2706 822 2750 non
843 2688 916 2752 satis
938 2694 1018 2752 recte
1040 2685 1225 2756 doctissimos

55 2771 151 2836 editor
171 2781 307 2836 versatus
329 2781 387 2837 est:
409 2771 526 2837 Atat·
548 2769 660 2854 ἠθικὸν
680 2775 789 2836 τοῦτο·
810 2769 947 2837 Πλάτων
966 2773 1106 2859 Γρυψίν·

138 2857 190 2920 A’t
209 2857 256 2933 αἶ’,
277 2861 371 2941 γελῶν
391 2855 423 2921 δ’
447 2851 650 2940 ἓντηιιροιδμην
670 2853 778 2922 πάλαι.
1088 2858 1090 2862 ⁴

53 2939 118 3005 iim
140 2940 174 3005 δὲ
201 2941 279 3006 πολὺ
306 2941 392 3027 παρὰ
416 2949 481 3017 τοῖς
507 2946 563 3023 τῆς
588 2940 684 3024 μέσης
711 2941 874 3021 κωμωδίας
900 2943 950 3004 καλ
977 2940 1047 3017 νίας
1072 2949 1222 3023 ποιηταῖς.

53 3026 95 3090 ita
117 3026 236 3115 scripsit
256 3025 432 3109 Behkerus,
462 3027 557 3091 codex
576 3045 649 3091 vero
668 3030 746 3109 γελῶ
768 3004 801 3090 δ’
823 3022 1017 3112 ἔπικροῶμην
1037 3026 1172 3090 exhibet:
1195 3037 1226 3090 at

52 3131 114 3174 non
141 3112 301 3199 scripserat
326 3110 429 3196 Plato,
456 3117 572 3174 ridear
598 3116 720 3175 διιδιιιιι
746 3117 878 3188 audiet,
912 3133 1015 3177 verum
1040 3111 1224 3187 Halalae,

53 3202 159 3258 νιίυιιι
181 3209 276 3259 tecam
296 3202 419 3259 dudum
441 3202 573 3271 audivi,
599 3197 697 3282 ltaque
718 3195 868 3284 corrigas:

137 3283 233 3343 Atar-
254 3281 347 3365 γέλων
369 3279 405 3344 δ’
425 3278 630 3364 ἔπηαροώμην
648 3303 707 3345 σου
727 3277 834 3346 πάλαι.

52 3364 94 3428 uti
115 3365 333 3454 Aristophanes
354 3365 430 3431 dixit
450 3367 482 3430 in
503 3366 659 3450 Equitibus
680 3386 709 3429 v.
730 3365 810 3432 319:

135 3449 188 3531 Νὴ
209 3451 290 3529 Δία,
313 3448 389 3531 κάμὲ
409 3448 496 3515 τοῦτ’
521 3449 630 3534 ἔδρασε
651 3446 778 3528 ταύτόν,
801 3445 878 3514 ὥστε
899 3446 1074 3533 καταγιλων

136 3531 314 3616 Πάμπολυν
334 3545 398 3611 τοΐς
419 3532 583 3618 δημόταισι
604 3537 655 3600 καὶ
678 3536 779 3622 φίλοις
799 3538 1017 3620 παρασχεθεῖν.

50 3619 250 3770 υλιίὖοόιὲαοοο
270 3627 351 3686 recte
368 3620 532 3686 Elmsleius
551 3622 603 3685 καλ
623 3622 719 3705 γέλων
740 3620 880 3686 coniecit:
903 3627 933 3684 et
952 3619 985 3684 in
1003 3617 1220 3686 Ecclesiauusis

50 3723 78 3768 v.
193 3729 201 3768 ε
1172 3739 1176 3746 ·

136 3793 212 3865 Τοῖς
232 3794 339 3874 γελῶσι
362 3788 394 3852 δ’
419 3785 533 3872 ἡδέως,
561 3786 613 3851 διδι
633 3786 687 3852 τὸν
707 3787 801 3872 γέλων
821 3787 1015 3874 κρίνεινὲμί.

134 3871 184 3938 Ex
204 3875 340 3940 Platonis
361 3879 512 3938 Hellade
536 3874 601 3938 sive
621 3875 757 3938 Israelis
780 3873 973 3974 memorabile
1000 3873 1132 3938 sonant
1160 3873 1222 3973 ira·

48 3957 382 4131 ffidessbllbb
398 3957 1000 4152 t⁰l¹i¹¹t²hl⁰dttdtdt³lp³
1034 3956 1222 4109 adddit

48 4124 84 4189 ad
106 4126 230 4192 Homer.
251 4151 279 4216 p.
301 4131 360 4212 66,
380 4134 441 4196 32:
472 4132 513 4193 Et
531 4129 588 4210 μέν
609 4151 659 4191 σοι
680 4125 737 4210 τὴν
762 4124 927 4192 θάλασσαν
953 4124 1106 4194 αποδώσιι
1134 4126 1221 4212 ἑκών,

47 4211 74 4354 ρ]
85 4210 192 4360 clidat,
211 4219 312 4362 Ιραῦτα
334 4213 435 4279 πάντα
452 4219 652 4303 ουντριαινῶν
667 4210 819 4280 ἀπολέσω.
841 4234 915 4299 quae
934 4213 1050 4300 quidem
1070 4213 1113 4280 ita
1132 4214 1220 4281 resti·

61 4315 116 4358 uen
138 4320 156 4360 a
177 4320 210 4362 ar
231 4299 321 4363 itror:
