2768 4770
243 212 322 289 'DE
343 220 487 296 RELIQ.
508 219 698 289 COMOED.
718 221 826 290 ΑΤΤ.
847 225 991 302 titulo.
1148 227 1212 298 145

120 386 246 480 Ἐφὸρει
271 389 328 467 τὰς
349 391 425 477 δρῦς
450 390 501 454 καί
526 386 583 465 τοὶς
608 384 860 539 alatdaqvq'xai
886 386 959 469 τοὺς
980 393 1114 481 ἐχθροὺς
1134 420 1211 481 τερο-

751 501 764 539 ἒ
783 502 801 540 v
829 501 882 541 7ου
905 499 913 516 ”

115 555 215 629 Ἅισαι
238 557 270 623 δ’
295 558 352 624 οὐκ
373 546 411 642 ἦν
431 559 464 623 ίν
485 558 647 644 συμποσίῳ
668 558 747 642 πλὴν
767 502 826 625 Ab:
848 504 1091 642 οἴςσυκοτιίδιλε,

124 649 187 710 Καὶ
210 645 345 720 τίκτονες
366 639 552 723 εὐπαλάμων
571 639 691 724 ὕμνων·
714 642 811 721 οὕτως
830 651 965 730 ηνθησεν
986 649 1104 726 ἐκεῖνος.

72 732 156 796 rahni
182 731 242 795 vim
263 730 413 817 insignem
441 735 471 792 et
491 729 654 793 ubertatem
680 730 797 816 ingenii
824 731 903 797 idem
928 755 1033 798 rursus
1060 734 1093 798 in
1113 734 1210 800 Ranis

72 813 167 881 alebrat
186 837 216 880 v.
237 813 317 895 354,
349 814 400 877 ubi
421 813 545 894 indicat,
575 818 683 899 quanto
709 815 867 880 intervallo
899 819 1081 884 recentiores
1108 821 1209 885 comici

72 908 141 967 cetae
161 923 181 965 a
203 897 327 964 Cratino
348 898 466 962 diremti
487 898 563 961 sint:

122 983 281 1070 Edqqpaeio
304 981 365 1068 χρὴ
386 981 594 1058 κάξίστασθαι
621 990 685 1058 τοϊς
709 978 882 1070 ἣμετίροισι
901 994 1039 1070 χοροῖσιν

116 1066 222 1146 Ὅστις
238 1065 362 1153 ἄπειρος
381 1069 509 1132 τοιῶνδε
529 1063 628 1150 λόγων
647 1064 667 1146 ἢ
688 1065 794 1154 γνώμῃ
814 1067 859 1152 μὴ
881 1067 1058 1155 καθαρεύει,

115 1152 162 1218 Ἢ
176 1154 320 1237 γενναίων
347 1149 436 1236 ὄργια
456 1155 599 1217 Μουσῶν
618 1147 696 1237 μήτ’
723 1149 799 1216 aldea
817 1150 894 1237 μήτ’
917 1153 1084 1266 ἐχόρευσεν,

122 1238 218 1322 Μηδὲ
232 1238 391 1321 Κρατίνου
411 1243 468 1302 τοῦ
489 1233 690 1321 ταυροφάγου
710 1234 847 1322 γλώττης
866 1244 974 1322 βακχει
1011 1238 1166 1327 ἐτελέσθη,

116 1322 159 1389 Ἢ
178 1319 372 1405 βωμολόχοις
392 1319 493 1387 ξ’τιεσιν
508 1323 608 1407 χαίρει
627 1320 672 1405 μὴ
691 1320 722 1386 ’ν
742 1328 841 1411 καιρῷ
862 1330 954 1389 τοῦτο
976 1331 1126 1395 ποιοῦσιν.

72 1414 139 1496 bque
161 1406 303 1475 Cratinus
326 1413 410 1490 tunc,
438 1429 502 1474 cum
524 1407 648 1472 lascivia
667 1407 729 1472 ista
748 1408 886 1475 claustris
912 1409 1013 1498 legum
1034 1412 1210 1477 firmissimus

72 1502 121 1561 sset
144 1493 338 1574 circumdata,
370 1514 448 1556 nova
474 1498 650 1580 argumenta
676 1491 803 1559 debebat
827 1495 1018 1580 conquirere,
1045 1497 1078 1561 in
1105 1498 1210 1584 quibus

72 1578 180 1644 uteret:
203 1577 341 1668 applicuit
361 1584 457 1641 autem
479 1599 513 1642 se
535 1577 573 1643 ad
600 1576 717 1641 fabulas
740 1599 769 1641 m
793 1579 887 1644 thicas
915 1580 1101 1663 tractandas,
1135 1603 1210 1668 quae

72 1664 143 1729 aun
163 1664 196 1727 in
215 1662 316 1753 populi
337 1683 388 1726 ore
412 1662 574 1750 rigebant,
598 1662 704 1749 partim
731 1599 792 1726 vel⁷
801 1664 837 1726 ab
865 1663 956 1752 epicis
977 1666 1027 1730 vel
1048 1688 1067 1730 a
1087 1667 1210 1754 tragicis

72 1748 132 1814 betis
167 1769 258 1837 saepe
286 1747 464 1832 multumque
495 1751 581 1809 erant
605 1745 765 1810 exhibitae.
813 1745 875 1812 Sed
908 1748 1029 1814 multum
1055 1752 1211 1834 erraverit,

72 1830 148 1898 ulex
166 1833 224 1897 hac
245 1839 371 1903 externa
397 1828 496 1920 specio
522 1829 597 1894 tales
619 1829 784 1893 comoedias
805 1851 842 1894 eo
861 1831 923 1895 fine
947 1854 1015 1897 erse
1035 1837 1210 1923 compositas

72 1916 259 1984 tetfabulae
280 1917 372 1999 istae,
393 1924 424 1980 et
445 1920 564 2003 poetae,
586 1914 636 2000 qui
651 1920 739 1978 antea
759 1916 839 1979 serio
861 1916 980 2015 pasdem
1001 1925 1211 2002 tractaverant,

72 2000 246 2079 riderentur:
288 2022 460 2103 quamquam
485 1999 559 2064 haec
591 1999 696 2088 pervul
738 2004 768 2064 ta
798 1999 991 2102 plurimorum
1027 2009 1074 2067 est
1100 2004 1209 2093 opinio,

72 2084 94 2150 li
111 2087 281 2154 existimant
299 2093 373 2153 ustas
395 2085 560 2151 comoedias
581 2083 658 2150 nihil
679 2106 698 2148 a
720 2084 759 2148 ud
779 2085 840 2150 nusi
859 2086 998 2174 parodias
1019 2109 1104 2153 esse:
1127 2089 1210 2154 athi

72 2165 151 2238 'suet
169 2177 305 2238 naturam
326 2171 435 2236 veteris
445 2169 610 2235 Atticorum
632 2169 799 2234 comoediae
818 2192 922 2259 parum
942 2181 1167 2262 perspexerunt
1194 2193 1197 2198 ·

125 2257 166 2323 Et
206 2259 310 2322 mmum
332 2257 447 2356 quidem
468 2277 529 2320 nou
549 2260 631 2320 recte
651 2254 697 2320 illi
717 2261 864 2338 statuunt,
905 2256 935 2320 oi
956 2256 1111 2324 Cratinum
1132 2266 1209 2324 cete-

72 2359 145 2430 squc
173 2278 402 2408 ›ltheniensrum
436 2341 562 2406 comicos
592 2346 697 2430 poetas
727 2361 791 2404 cum
817 2278 996 2429 Epicharmo
1024 2353 1210 2432 componunt,

89 2450 129 2494 ex
148 2426 251 2494 Sicula
271 2426 421 2492 comoedia
440 2425 583 2491 ludicram
602 2425 684 2496 illam
705 2424 872 2490 fabularum
892 2428 1095 2492 tractationem
1114 2429 1210 2494 Athe-

72 2530 96 2575 us
115 2513 286 2578 translatam
307 2534 375 2576 esse
397 2517 530 2592 censent,
550 2510 736 2574 immemores
757 2509 868 2575 veteris
885 2512 1046 2599 proverbii,
1066 2512 1123 2577 duo
1145 2535 1209 2577 cum

72 2597 149 2687 qiam
172 2598 271 2679 idem,
298 2618 359 2661 non
385 2617 454 2687 esse
480 2594 568 2683 idem.
609 2594 687 2659 Nam
707 2592 879 2696 Epicharmi
904 2597 1020 2682 quidem
1046 2598 1210 2663 comoedia-

72 2698 105 2748 m
123 2702 245 2773 prorsus
266 2680 327 2746 alia
352 2682 410 2746 luit
429 2679 506 2744 ratio
528 2684 614 2766 atque
637 2677 769 2746 Cratior:
796 2688 920 2768 uterque
940 2703 1013 2748 sane
1034 2689 1210 2771 argumenta

71 2782 78 2826 1
108 2767 233 2855 antiquis
259 2765 320 2831 illis
346 2765 474 2847 fabulis,
520 2787 575 2830 uae
603 2764 640 2830 de
665 2764 723 2830 diis
748 2766 939 2849 ferebantur,
971 2767 1126 2833 tractanda
1151 2768 1210 2834 sibi

72 2853 145 2919 malt
198 2850 253 2917 sed
281 2851 393 2941 dispari
420 2851 501 2916 cons‘
516 2850 545 2914 'o
578 2855 608 2914 et
639 2849 754 2915 ratione
785 2849 842 2916 hac
869 2852 902 2915 in
929 2873 964 2916 re
991 2854 1103 2918 versati
1130 2861 1210 2918 sunt

72 2952 118 3003 tm
142 2903 355 3027 ldpicharmus,
393 2957 457 3000 cum
489 2934 629 3000 multum·
645 2934 734 2998 studii
762 2955 928 3036 operaeque
957 2937 990 3001 in
1015 2935 1096 3024 Pytb
1139 2959 1210 3002 orae

72 3022 171 3088 cana
191 3021 405 3102 collocavisset,
425 3019 520 3085 voluit
535 3018 695 3084 secundum
715 3018 797 3084 illios
817 3020 925 3109 placita
946 3043 983 3085 ea
1004 3042 1078 3122 quae
1100 3045 1118 3087 a
1158 3043 1209 3086 res

72 3105 166 3173 rinus·
179 3107 364 3197 pertinerent
390 3106 576 3170 conformare
597 3112 628 3168 et
652 3103 760 3193 populo
786 3125 971 3194 proponere:
1010 3113 1109 3190 utaque
1137 3105 1209 3171 deos

72 3200 100 3255 m
119 3192 237 3257 sustulit
277 3192 384 3272 emitur,
406 3188 459 3255 sed
476 3189 513 3254 ad
533 3211 633 3254 rerum
655 3198 791 3254 naturam
800 3192 922 3255 numina
942 3191 1105 3254 revocavit:
1127 3191 1210 3256 nullo

71 3269 130 3341 itur
148 3276 234 3367 pacto
246 3213 416 3366 ldpicbarmi
438 3274 588 3339 comoedia
608 3272 681 3338 illud
704 3275 857 3361 spectavit,
878 3281 912 3339 ut
932 3274 1074 3338 sanctitas
1089 3275 1210 3342 deorum

72 3359 197 3426 rantur
217 3367 269 3426 aut
287 3360 396 3448 religio
418 3358 585 3426 exanimis
606 3358 756 3423 hominum
777 3360 1009 3449 exstirparetur,
1036 3360 1090 3425 sed
1111 3361 1208 3449 potius

95 3465 207 3512 omnem
235 3446 272 3511 de
302 3446 393 3510 rebus
420 3444 529 3509 divims
555 3443 781 3526 dubitationem,
814 3464 889 3530 quae
918 3443 1068 3509 homiuum
1094 3454 1208 3511 mentes

72 3520 227 3614 llicitaret,
259 3531 376 3620 penitus
404 3535 580 3595 removeret
634 3526 779 3594 Solebant
807 3529 886 3594 enim
918 3535 1003 3610 tunc,
1046 3530 1105 3595 iam
1138 3532 1209 3596 reli·

72 3617 135 3682 onis
161 3617 317 3683 sanctitate
338 3615 474 3700 cultuque
495 3613 616 3679 deorum
636 3613 806 3696 imminuto,
833 3620 918 3678 aucta
943 3635 1016 3679 vero
1045 3616 1206 3681 animorum

72 3702 185 3767 acmtate
217 3701 389 3790 ingeniique
422 3700 578 3781 acumine,
620 3719 720 3764 rerum
752 3705 887 3775 naturam
918 3701 1100 3788 perscrutari
1134 3701 1208 3766 mol-

72 3800 151 3874 mque
195 3784 232 3851 de
263 3786 365 3850 divina
393 3784 426 3848 vi
457 3789 488 3848 et
517 3791 624 3847 natura
655 3805 815 3870 quaerero;
859 3782 1031 3850 documento
1065 3791 1112 3850 est
1142 3786 1208 3875 ipso

72 3888 87 3933 a
116 3871 229 3953 Hiero,
271 3869 443 3959 Epicharmi
485 3890 521 3934 ae
541 3869 632 3948 ualis3
674 3869 735 3933 vid.
767 3868 875 3935 Cicero
908 3868 945 3934 de
977 3871 1093 3938 Natura
1113 3869 1210 3938 Deor,

87 3958 146 4021 Ὧι
201 3955 338 4044 „Rogas
370 3975 434 4038 me,
476 3890 547 4039 quid
585 3961 635 4018 aut
667 3954 829 4103 qrraleflsit
860 3953 949 4019 densa
995 3962 1113 4104 aqqqoro
1140 3962 1218 4106 qqar¹

697 4059 763 4102 ocr
901 4061 961 4103 ann
1194 4080 1207 4093 -

73 4126 179 4192 eraudi
207 4126 264 4191 sibi
297 4147 387 4189 unum
419 4122 496 4188 diem
522 4122 696 4212 postulavit:
729 4045 905 4189 cumemidllnrr
932 4061 1036 4189 exuseo
1063 4061 1206 4214 {libiade

72 4218 205 4294 sereret,
224 4210 342 4275 biduum
363 4208 481 4298 petivit:
509 4231 574 4273 cum
596 4208 714 4309 saepius
735 4207 900 4298 duplicaret
918 4231 1072 4274 numerum
1092 4210 1206 4275 dierum

72 4299 238 4383 miransque
258 4294 356 4360 Hiero
375 4294 552 4380 requireret,
575 4314 628 4358 cnr
647 4301 690 4359 uta
711 4294 839 4378 laceret,
860 4291 937 4367 Quia
956 4301 1083 4380 quanto,
1100 4294 1205 4380 inquit,

961 4395 1003 4460 ab

72 4041 202 4123 mouide,
229 4041 267 4105 de
288 4061 344 4126 quo
365 4038 648 4124 eumquaesivisset
