2760 4792
324 237 382 304 nn
403 237 544 313 numo.
567 236 753 305 conone.
774 234 881 302 nur.
903 233 1046 308 auaro.
1198 236 1261 300 raa
1290 208 1295 215 “

101 407 255 472 iurandum
278 406 544 494 parvipenderent
570 405 764 489 facillimeque
792 405 971 492 migrarent,
998 414 1083 493 poeta
1104 429 1155 471 eos
1177 408 1262 470 casti-

124 498 205 555 atet
231 499 298 554 ante
321 491 419 554 oculos
440 491 521 577 ponit
547 490 712 578 exemplum
739 511 891 575 moresque
918 489 998 554 illius
1025 492 1178 579 temporis,
1206 513 1262 576 quo

101 514 233 655 {hirom
268 596 324 659 quo
350 574 594 638 Rhadamanthus
624 581 760 638 versatus
793 582 839 639 est
872 576 949 638 inter
976 574 1123 657 homines,
1178 578 1263 641 uibus

102 660 318 724 sanctissimum
338 660 394 722 luit
414 659 614 723 iusiurandum
635 680 799 746 pereanem
822 666 872 722 aut
882 658 997 743 aliquod
1010 660 1126 724 animal.
1149 598 1263 726 (lhiron

103 752 199 809 autem
220 745 331 832 primus
355 744 546 808 iurisiurandi
573 742 660 807 fidem
686 744 765 806 inter
785 744 918 807 homines
940 745 1077 808 sanxisse
1098 746 1203 809 dicitur
1225 746 1260 809 ab

103 838 221 892 auctore
242 828 486 893 Titanomachiae
513 849 548 892 eo
576 828 657 909 loco,
689 849 772 911 quem
794 850 884 916 supra
904 828 976 892 dixi.
1018 827 1261 893 Rhadamanthus
1362 856 1366 867 ’

104 922 198 977 autem
220 913 315 976 fertur
335 913 445 1000 primus
466 913 640 993 instituisse,
661 912 843 976 nehomines
865 921 975 976 temere
988 913 1106 976 deorum
1117 915 1263 1002 religione

104 999 305 1061 abuterentur:
337 995 421 1061 testis
449 1006 495 1061 est
519 1004 637 1085 praeter
663 996 736 1060 alios
764 996 903 1061 Socrates
929 997 962 1060 in
992 998 1161 1063 duodecimo
1187 1001 1263 1065 libro

103 1104 201 1146 rerum
224 1080 406 1146 Creticarum
435 1082 510 1170 apud
531 1080 631 1146 Schol.
644 1080 805 1169 'Aristoph
826 1082 904 1148 Avv.
925 1103 954 1145 v.
975 1084 1055 1147 521:
1082 1079 1264 1165 Ῥαθοίμαν-

104 1171 165 1242 θος
187 1169 272 1229 δοκεῖ
287 1164 498 1247 διαδεξάμενος
518 1165 574 1246 τὴν
599 1168 757 1246 βασιλεία-ν
777 1163 969 1241 δικαιότατος
988 1172 1166 1249 γεγενῆσθαι
1188 1169 1265 1232 πάν-

103 1274 165 1313 των
186 1248 374 1332 ἀνθρώπων·
402 1252 515 1334 λέγεται
538 1251 572 1315 δὲ
594 1249 689 1314 αὐτὸν
710 1257 832 1333 πρῶτον
853 1251 962 1314 οὐδένα
990 1254 1043 1314 ἐᾶν
1064 1248 1174 1335 ὅρκους
1195 1281 1264 1319 ποι-

104 1341 208 1399 εῖσθαι
229 1335 308 1399 κατὰ
334 1341 395 1399 τῶν
414 1342 513 1411 θεῶν,
543 1335 611 1398 ἀλλ’
638 1333 764 1415 ὀμνύναι
786 1342 924 1400 κελεῦσαι
942 1341 1023 1416 χῆνα
1044 1340 1094 1399 καὶ
1116 1335 1192 1401 κύνα
1214 1343 1264 1403 καὶ

106 1419 189 1505 κριὸν
209 1423 259 1482 καὶ
290 1417 391 1501 ὅμοια.
434 1421 508 1486 Cum
532 1419 656 1485 Cratino
683 1430 778 1484 autern
800 1442 920 1507 prorsus
942 1423 1091 1485 consensit
1116 1423 1266 1506 Socrates,

105 1506 152 1588 qui
175 1512 203 1568 et
224 1506 288 1653 ipse
308 1505 536 1570 Atheniensium
556 1506 588 1568 in
609 1506 674 1568 iure
695 1506 819 1568 iurando
841 1506 1000 1569 detestatus
1021 1505 1184 1588 levitatem,
1213 1531 1265 1574 au-

105 1590 199 1674 tiquas
221 1591 288 1656 ilas
310 1599 339 1654 et
359 1591 417 1652 iarn
439 1591 488 1653 diu
501 1588 647 1652 obsoletas
658 1588 775 1652 iurandi
795 1590 937 1653 formulas
950 1592 1113 1654 revocavit:
1136 1595 1265 1659 sanctius

105 1675 183 1737 enim
205 1682 235 1738 et
256 1674 402 1758 antiquius
424 1672 471 1735 dei
493 1693 600 1734 numen
622 1671 719 1750 duxit,
748 1693 833 1754 quam
854 1681 886 1735 ut
912 1674 1013 1737 liceret
1033 1682 1143 1740 temere
1163 1679 1212 1742 vel
1233 1680 1265 1742 in

105 1779 139 1822 re
161 1758 310 1822 levissima
336 1759 400 1820 eius
428 1756 514 1818 fidem
541 1757 698 1817 invocare:
727 1756 790 1842 ipse
817 1765 912 1820 autem
934 1755 1071 1821 Socrates
1099 1781 1183 1844 quam
1205 1763 1266 1827 fre-

126 1853 229 1906 uenter
250 1840 522 1904 Rhadamantheum
550 1838 750 1901 iusiurandum
779 1841 978 1926 usurpaverit,
1006 1842 1176 1908 documento
1198 1857 1267 1911 sunt

105 1863 310 2013 llenophontis
332 1934 362 1988 et
382 1923 516 1986 Platonis
536 1943 698 1986 sermones.
719 1921 851 1987 Socratis
873 1925 1109 1988 consuetudinem
1132 1929 1267 1995 videntur

106 2013 194 2074 etiam
221 2010 270 2072 alii
293 2009 382 2072 secuti
406 2030 488 2087 esse,
515 2015 547 2069 ut
566 2007 682 2094 Lampo
705 2015 801 2087 vateS,
834 2010 882 2092 qui
907 2009 1150 2096 religiosissimus
1172 2014 1266 2079 videri

107 2095 240 2174 volebat,
267 2114 350 2178 quem
372 2094 408 2156 ob
431 2093 459 2155 id
481 2093 490 2154 i
512 2113 576 2154 sum
597 2100 687 2155 vexat
709 2092 926 2180 Aristophanes
947 2095 978 2157 in
1000 2094 1115 2159 Avibus
1138 2120 1165 2162 v.
1187 2101 1266 2164 520:
1332 2128 1334 2132 ·

185 2177 284 2255 ’Όμνο
307 2177 334 2240 d'
351 2176 449 2251 οὐδεὶς
469 2113 530 2239 cdc'
545 2173 583 2238 ἂν
592 2171 767 2257 ἀνθρώπων
786 2174 870 2254 θεόν,
892 2176 957 2240 ἀλλ’
981 2177 1108 2262 ὄρνιθας
1129 2179 1267 2261 ἅπαντες,

191 2262 338 2342 Λάμπων
359 2260 390 2325 δ’
414 2259 523 2340 ὄμνασ”
548 2261 591 2325 ἔτι
614 2263 663 2322 καὶ
685 2262 748 2324 νυνὶ
775 2260 829 2324 τὸν
846 2262 930 2342 χῆν’,
952 2261 1026 2326 ὅταν
1045 2266 1182 2340 ἔξαπατᾶ
1202 2293 1242 2332 τι.

109 2346 170 2412 Sed
191 2356 288 2411 tamon
300 2347 387 2410 etiam
408 2346 609 2434 philosophiae
620 2366 693 2430 quae
715 2347 772 2409 isto
794 2347 911 2410 saeculo
926 2350 1015 2413 luerit
1035 2352 1110 2414 ratio
1126 2333 1267 2438 quamque

109 2433 227 2496 diversa
249 2433 284 2495 ab
307 2432 424 2515 antiqua
444 2431 502 2495 ista
523 2453 557 2495 sa
577 2431 681 2510 ientia,
704 2430 819 2493 videtur
828 2429 968 2497 Cratinus
991 2435 1139 2521 attigisse:
1162 2438 1215 2502 sed
1238 2450 1269 2502 ut

107 2524 174 2581 erat
193 2516 345 2604 praeteriti
354 2517 492 2602 temporis
503 2452 646 2595 laudator,
667 2534 726 2576 non
745 2515 841 2578 minus
854 2514 941 2600 quam
951 2519 1041 2582 ceteri
1052 2521 1153 2584 comici
1165 2530 1269 2609 poetae

106 2600 151 2665 ita
168 2600 304 2680 instibuit,
324 2607 357 2663 ut
366 2600 472 2664 chorus
493 2601 608 2688 priscae
628 2599 732 2662 aetatis
744 2599 912 2664 lehcitatem
934 2602 1055 2666 laudans
1073 2604 1145 2668 illud
1157 2627 1269 2691 quoque

104 2685 187 2750 inter
199 2707 311 2748 summa
320 2685 398 2748 vitae
415 2685 563 2748 commoda
574 2684 715 2764 referret,
733 2685 808 2768 quod
821 2686 953 2750 homines
964 2688 1112 2774 sapientes
1124 2690 1268 2775 iidemque

105 2791 222 2853 summa
243 2790 354 2832 morum
369 2768 490 2833 lenitate
509 2776 538 2832 et
553 2768 730 2832 humanitate
748 2769 900 2869 insignes,
922 2771 1069 2856 hominum
1081 2775 1170 2837 vitam
1182 2775 1269 2839 dissi-

104 2862 205 2944 patam
217 2861 292 2939 ¹ante
313 2862 343 2917 et
362 2855 558 2940 perturbatam
580 2854 741 2940 praeceptis
764 2861 793 2916 et
813 2856 953 2920 institutis
974 2858 1169 2922 instruxerint
1184 2867 1269 2945 atque

105 2939 251 3003 moderati
273 2939 341 3002 sint.
373 2938 561 3001 intellexisse
583 2945 678 3000 autem
699 2937 815 3001 videtur
836 2941 962 3004 maxime
984 2950 1094 3030 septem
1116 2943 1198 3024 illos,
1221 2946 1270 3029 qui

105 3023 165 3088 hoc
186 3023 303 3086 nonrine
324 3023 471 3110 sapientes
492 3024 691 3102 vocabantur,
713 3022 788 3106 quod
810 3023 846 3087 de
867 3025 929 3087 vita
949 3032 979 3088 et
999 3028 1127 3090 moribus
1149 3029 1270 3114 generis

104 3107 230 3173 humani
251 3108 406 3170 utilissima
426 3115 456 3170 et
476 3107 643 3170 acutissima
663 3116 819 3194 praecepta
838 3108 1028 3174 tradiderant.
1065 3110 1153 3174 Hauc
1174 3120 1270 3177 autern
1306 3135 1308 3141 ⁴

110 3193 271 3281 simplicem
298 3192 459 3279 sapientiae
486 3192 645 3270 rationem,
677 3211 788 3254 morum
810 3198 840 3255 et
865 3192 1037 3280 disciplinae
1059 3196 1153 3258 omnis
1175 3197 1269 3283 magi·

110 3285 217 3357 snam,
244 3298 307 3338 cum
334 3276 514 3339 commendat
541 3283 642 3364 poeta,
670 3275 756 3338 simul
783 3276 879 3360 tangit
905 3279 1041 3362 aequales
1068 3279 1269 3368 philosophos,
1360 3353 1363 3359 ,

111 3362 160 3447 qui
181 3368 251 3423 tunc
271 3359 398 3423 Athenis
420 3361 574 3427 maximam
596 3360 674 3423 nacti
695 3366 779 3422 eraut
805 3362 1019 3443 auctoritatem,
1048 3365 1096 3446 qui
1117 3365 1149 3427 in
1170 3387 1269 3430 rerum

111 3452 233 3508 naturae
255 3444 496 3532 contemplatione
523 3448 740 3528 ceterarumque
761 3445 956 3509 doctrinarum
979 3449 1147 3534 cognitione
1167 3471 1270 3515 versa·

112 3529 233 3609 bantur,
260 3529 352 3609 deque
373 3531 507 3592 omnibus
528 3531 616 3593 rebus
643 3528 789 3592 subtiliter
814 3530 846 3592 in
867 3537 1149 3620 utramquepartem
1172 3535 1271 3624 dispu-

113 3615 221 3678 tabant.
242 3613 443 3700 Perspexerat
463 3614 539 3677 enim
561 3634 707 3701 praesago
722 3614 843 3697 quodam
856 3615 953 3678 animo
975 3624 1004 3679 et
1020 3619 1104 3702 quasi
1120 3618 1270 3704 divinitus,

113 3697 192 3762 illam
212 3697 438 3786 philosophandi
458 3699 621 3778 rationem,
648 3697 717 3761 licet
737 3719 854 3785 semper
875 3698 942 3783 quid
966 3709 1046 3765 esset
1066 3704 1129 3769 veri
1157 3705 1271 3772 similli-

115 3802 188 3846 mum
212 3791 380 3867 quaereret,
408 3792 520 3862 tamen,
542 3804 607 3846 cum
629 3783 727 3845 omnia
747 3783 783 3845 ad
805 3783 919 3848 arbitrii
940 3785 1086 3850 licentiam
1108 3800 1271 3873 revocaret,

115 3866 202 3953 longe
230 3888 297 3931 esse
316 3867 593 3954 perniciosissimam
620 3868 698 3930 vitae
724 3876 754 3930 et
781 3868 912 3953 privatae
939 3877 969 3934 et
989 3871 1131 3958 publicae.
1172 3874 1271 3942 Prisci

116 3960 213 4020 autern
231 3953 297 4014 aevi
317 3974 351 4015 sa
362 3952 487 4015 dentiam
510 3951 640 4015 laudavit
660 3956 693 4015 in
714 3951 772 4014 illis
795 3954 945 4036 versibus,
985 3977 1036 4020 uos
1059 3958 1270 4026 Grammaticus

116 4034 249 4100 Bekkeri
278 3974 363 4100 Td.
390 4058 419 4124 p.
440 4036 504 4100 335
537 4036 680 4099 servavit:
714 4034 869 4118 Ἀγανόν·
900 4045 1007 4104 color·
1037 4039 1271 4131 Ἀριστοφάνης

116 4119 316 4227 Λυσιστράτῃ
339 4156 378 4169 -
401 4122 555 4203 Κρατῖνος
575 4121 740 4203 Χείρνοσιν·
1054 4158 1057 4165 =

198 4207 365 4287 Μακαριος
385 4196 422 4285 ἦν
443 4203 459 4268 b
481 4205 540 4288 πρὸ
561 4210 617 4270 τοῦ
636 4207 705 4284 βίος
723 4209 889 4286 βροτοῖσιν

198 4287 286 4375 Πρὸς
307 4290 345 4352 τὰ
367 4295 401 4353 νῖ
405 4315 433 4366 ν,
456 4286 490 4353 ὃν
512 4286 591 4371 εἶχον
611 4286 718 4377 ἄνδρες
881 4312 885 4320 ·
