2768 4770
173 228 274 310 o*
398 216 401 221 ’
554 232 958 302 eomoouulnouus

169 402 325 470 Platonius
351 403 388 470 dc
414 402 585 470 diversitate
604 402 637 467 in
661 401 722 468 cuii
741 402 821 468 inter
840 403 988 508 principes
1009 400 1177 468 comoediae
1197 421 1239 466 an

168 510 199 580 p.
218 488 257 554 X.
279 490 330 556 10.
351 489 398 553 ed.
418 487 559 554 Dindorf.
586 488 618 571 (l
663 489 698 571 0)
720 489 876 568 Κρατίνος
897 513 913 552 ο
934 511 990 571 της
1011 492 1146 562 παλαιάς
1171 511 1238 566 κωμ

169 570 311 657 ποιητής,
345 570 397 637 ἅτε
419 571 457 655 δή
479 571 557 639 κατδι
578 571 634 648 τάς
650 570 826 659 Ἀρχιλόχου
852 568 988 656 ζητήσεις
1014 569 1167 654 αὐστηρός
1190 571 1239 652 μὲι

168 661 335 746 λοιδορίαις
355 658 451 734 ἐστίν,
480 655 520 720 οὗ
538 656 597 741 χδιρ
619 653 719 744 ὥσπερ
742 653 999 744 ὄἈριστοφάνης
1019 657 1182 743 ἐπιτρέχειν
1201 653 1239 737 τή

169 769 218 851 ριν
237 753 301 819 τοῖς
321 739 485 823 σκώμμασι
505 751 598 820 ποιεῖ,
630 740 666 806 τὸ
688 742 834 829 φορτικὸν
853 748 908 824 τής
929 739 1126 825 ἐπιτιμήσεως
1147 739 1198 804 διδ
1219 762 1238 803 τ

169 834 316 912 αναιρῶν,
349 828 416 890 ἀλλ’
442 823 547 902 ἁπλῶς
573 828 625 891 καὶ
651 827 730 891 κατιλ
755 826 811 908 τήν
839 829 1006 913 παροιμίαν
1031 831 1130 912 γυμνῇ
1156 829 1195 911 τῇ
1216 850 1239 888 κι

167 915 274 995 τίθησι
287 911 342 988 τὰς
361 914 563 997 βλασφημίας
574 911 653 976 κατὰ
673 917 735 976 τῶν
756 908 1003 999 ἁμαρτανόντων.
1032 912 1077 978 At
1096 932 1170 997 quac
1191 909 1229 974 ab

168 998 324 1085 leguntur,
355 998 512 1062 manifesto
533 1004 603 1061 sunt
622 1004 772 1085 corrupta:
815 1019 910 1083 neque
930 1004 1027 1087 potest
1045 995 1166 1086 probari
1185 993 1239 1059 Me

169 1083 336 1147 coniectura
363 1081 419 1156 Qu.
447 1080 497 1146 So.
523 1079 576 1169 sp.
603 1081 628 1145 Ι.
650 1104 678 1171 p.
702 1085 752 1149 19.
780 1081 859 1146 κατὰ
880 1081 936 1157 τάς
950 1080 1152 1168 Ἀριστάρχου
1174 1080 1239 1160 ζητ.

168 1167 336 1256 idipsum,
379 1166 416 1230 dc
443 1187 499 1251 quo
527 1167 640 1254 agitur,
685 1165 817 1232 funditus
845 1167 935 1231 tollit:
979 1167 1127 1253 aliquanto
1152 1164 1239 1252 proba

130 1294 131 1299 κ
167 1250 410 1317 Hemsberhusius
432 1252 482 1314 καὶ
503 1248 542 1314 τὰ
563 1255 619 1315 τοῦ
640 1247 820 1334 Ἀρχιλόχου
848 1247 1002 1334 ζηλώσαςτ
1037 1251 1091 1316 sed
1111 1251 1239 1316 fortasse

166 1336 309 1400 bendum:
331 1331 383 1398 άτε
405 1334 444 1416 δή
465 1335 545 1398 κατὰ
565 1333 621 1412 τάς
636 1333 816 1419 Ἀρχιλόχου
837 1333 1055 1420 είσηχήσεις
1075 1336 1105 1400 h.
1119 1357 1145 1399 e.
1158 1357 1239 1398 ταυτα

161 1435 349 1509 praccepta
375 1420 583 1496 Archilochi,
626 1436 760 1485 ιασατιιε
782 1428 1020 1486 auctoritatem
1039 1419 1235 1486 Archilocho

167 1504 223 1581 τολς
237 1500 416 1587 Ἀρχιλόχου
438 1502 634 1587 ζηλώσεις.
938 1509 940 1514 ’

252 1589 493 1654 Testanturvero
502 1590 588 1653 etiam
599 1590 682 1678 ipsae
693 1590 851 1655 carminum
863 1590 1016 1675 reliquiae,
1030 1590 1158 1655 maxime
1166 1587 1239 1653 illel

52 1697 58 1703 ·
168 1694 242 1760 quae
271 1675 308 1738 ab
339 1674 404 1762 ipso
429 1674 485 1738 hoc
510 1674 716 1773 Panopoeta
741 1696 847 1740 nomen
874 1675 980 1756 traxit,
1008 1675 1189 1759 Ἀρχίλοχοι.
1231 1715 1239 1738 .

166 1764 294 1823 mentum
321 1759 435 1843 quidem
465 1766 495 1822 et
519 1758 673 1823 consdlnm
699 1759 786 1823 huius
813 1760 933 1827 fabulae
960 1760 1035 1845 quod
1062 1759 1154 1824 fuerit
1180 1778 1239 1846 aeg

165 1843 694 1992 lluulludiubuldi
710 1844 871 1993 llil?
904 1845 1143 1994 undull
1157 1864 1239 1992 ”lu

165 1949 481 2101 numerumqpluralein
501 2013 550 2076 hic
571 1977 683 2097 duoque
696 1949 737 2075 8ιίλ
755 1951 838 2076 1blicis
853 1977 924 2077 ‘fere
945 2035 1077 2102 semper,
1116 2034 1134 2076 a
1155 2013 1239 2077 choro

164 2096 372 2185 repetendum,
406 2097 447 2159 ita
468 2102 501 2159 ut
520 2105 607 2184 pocta
627 2096 994 2182 significaverilhomines
1016 2096 1191 2163 Archilochi
1212 2097 1240 2161 si

164 2176 223 2245 Est
248 2188 344 2244 eutem
373 2180 430 2243 hoc
456 2180 572 2244 dicendi
599 2201 695 2268 genus
726 2202 765 2245 ex
791 2182 926 2269 vulgaris
954 2184 1100 2247 sermonis
1122 2187 1239 2247 consucl

185 2266 285 2329 etitum
322 2270 352 2328 et
388 2265 425 2328 ob
458 2263 488 2330 id
520 2265 616 2352 ipsum
651 2266 819 2330 comoediae
855 2268 1038 2354 potissimum
1079 2266 1239 2332 accommod

164 2285 211 2413 lta
221 2346 379 2500 1⁷(zoirgiae
420 2355 451 2413 et
486 2348 618 2439 Philippi
655 2349 774 2415 nomine
812 2373 885 2416 usus
924 2359 971 2416 est
1001 2351 1221 2442 Aristophanes

164 2454 193 2498 v.
313 2457 321 2497 ι

248 2517 376 2605 Γοργίαι
396 2541 429 2582 τε
449 2519 499 2582 καὶ
524 2518 671 2583 Φίλιπποι

248 2602 343 2667 Κάπδ
364 2608 426 2667 τῶν
447 2597 707 2688 ἐγγλωττογαστό-

247 2689 317 2752 Ρων
338 2687 456 2752 ἐκείνων
477 2695 539 2752 τῶν
561 2690 721 2753 Φιλίππων

247 2774 419 2854 Πανταχοῢ
441 2777 495 2855 τής
510 2770 649 2855 Ἀττικῆς
668 2770 688 2857 ή

248 2859 378 2922 nona
397 2860 492 2943 χωρίς
512 2859 661 2939 τέμνεται.
1017 2913 1019 2917 .

164 2941 214 3005 ubi
234 2942 458 3007 calumniatores
487 2943 651 3032 improbos,
689 2943 738 3029 qui
759 2965 778 3007 a
798 2943 937 3033 ‘Gorgiae
964 2953 993 3011 et
1019 2945 1151 3036 Philippi
1177 2945 1239 3010 diso

163 3026 288 3175 ρροίοολί
314 3049 430 3091 causam
456 3029 597 3116 potiorem
626 3027 789 3092 reddebant
813 3031 1001 3112 inferiorem,
1045 3054 1103 3096 exa
1128 3034 1201 3096 'tere
1228 3051 1239 3095 κ

194 3132 233 3175 on
254 3111 365 3201 dispari
385 3111 501 3177 ratione
521 3112 738 3201 Aristophanes
764 3114 798 3178 in
818 3113 950 3181 olcham.
971 3138 1000 3180 v.
1021 3118 1085 3182 269
1127 3116 1196 3180 'xitz

245 3193 447 3283 Πραγμάτων
466 3220 499 3261 τε
520 3199 570 3260 καί
591 3202 700 3279 μαχῶν

204 3284 207 3289 ’
247 3283 313 3345 Καὶ
333 3277 499 3363 Λαμάχων
521 3280 716 3367 ἀπαλλαγείς.

163 3362 231 3430 Huc
252 3366 328 3431 adde
348 3367 479 3432 eiusdem
499 3365 617 3431 fabulae
637 3388 666 3432 v.
688 3366 786 3432 1071:

242 3448 292 3513 ’Iu
313 3449 400 3515 πόνοι
421 3475 453 3514 τε
474 3452 525 3514 καὶ
545 3447 643 3533 μάχαι
665 3454 716 3515 καλ
735 3449 901 3534 Λάμαχοι.

162 3535 224 3684 ulliid
239 3535 372 3685 miii}
406 3535 538 3600 bellicosi
564 3537 601 3601 ad
629 3536 794 3625 exemplum
821 3536 968 3602 Lamachi
990 3543 1138 3604 notantur.
1186 3536 1239 3602 Sin

161 3640 283 3685 11.v.
375 3643 383 3684 ι

242 3701 335 3770 Ἀλλά
356 3699 574 3770 κατεπάλαισεν
594 3701 632 3768 ilo
651 3704 707 3787 μέν
728 3708 850 3790 πρῶτον
870 3700 1036 3782 Εὐάθλους
1057 3705 1139 3772 δέκα.

160 3789 217 3853 hoo
251 3796 298 3855 est
328 3789 491 3855 causidicos
528 3796 664 3855 versutos
696 3795 727 3855 et
756 3790 969 3857 fraudulentos.
1023 3791 1064 3856 nt
1088 3792 1122 3856 in
1151 3789 1239 3856 Ecclo

162 3870 264 3941 1042:

280 3955 368 4024 Ὧστῗ
392 3961 419 4023 εί
437 3955 667 4042 καταστήσεσθε
687 3951 774 4022 τόνδε
794 3955 848 4023 τδν
867 3953 994 4039 τρόπον.
1106 4003 1112 4019 ι
1160 4001 1163 4012 =

290 4043 358 4127 Τήν
378 4050 434 4128 χήν
454 4041 579 4110 ἅπασαν
603 4041 778 4124 Οἰδιπόδων
799 4042 976 4127 ἐμπλήσετε.
1070 4119 1073 4124 λ

160 4127 225 4194 Nec
246 4128 376 4219 disparia
396 4151 518 4218 prorsus
539 4136 624 4211 sunt,
652 4149 725 4215 quae
746 4128 887 4216 leguntur
906 4130 939 4193 in
958 4127 1056 4194 Raris
1084 4149 1114 4193 o.
1135 4128 1226 4196 9²85

160 4214 322 4304 pecodem„
336 4213 413 4280 963:
444 4214 635 4305 ¹Ildoooohaoi
656 4213 837 4295 Μέμνονος,
865 4213 943 4283 99οτ
965 4209 1189 4296 Μαμμάκυθοι
1211 4218 1239 4278 el

162 4298 294 4391 λήτίδαι.
334 4298 440 4366 Fluxit
466 4298 677 4387 foruna-boc
696 4319 794 4387 genus
815 4296 972 4384 diceudia
993 4297 1137 4394 borgia„
1163 4297 1216 4384 qui
