2760 4792
176 249 178 254 ·
306 236 378 341 ps
399 235 543 314 numo.
563 232 753 305 oomouu.
773 234 880 304 nur.
899 233 1045 312 numo.
1205 235 1272 305 cro

183 405 379 471 Ἀποδοῦναι
401 402 433 468 δ’
459 401 517 468 όσα
537 400 646 487 ἔχομεν
671 401 828 484 ἀλλήλων·
857 401 939 486 ἡμᾶς
963 402 1020 484 μὲν
1039 402 1096 481 τδς
1118 399 1274 488 Θράττας,

100 494 152 556 καί
172 487 344 577 Ἀθερίνην
371 488 427 570 τὴν
448 489 635 575 αὐλητρίδα,
663 490 714 552 καλ
734 488 856 571 Σηπίαν
882 487 937 571 τὴν
960 485 1103 575 Θύρσου,
1130 468 1183 554 καλ
1202 487 1275 565 τοὺς

102 576 266 660 Τριγλίας,
296 577 347 639 καί
369 573 537 654 Εὐκλείδην
563 572 618 638 τὸν
638 570 789 660 άρξαντα,
815 575 867 635 καὶ
884 570 1176 659 Ἀναγυρουντόθεν
1201 573 1276 650 τούς

100 661 314 745 Κορακίωνας,
336 662 387 722 καί
409 662 538 738 ,Κωβιοῦ
560 663 617 723 τοῦ
627 658 817 738 Σαλαμινίου
838 652 943 734 τόκον,
964 661 1016 722 καί
1037 656 1202 743 Βάτραχον
1222 658 1276 724 τδν

101 745 255 829 πάρεδρον
280 743 336 808 τὸν
365 746 398 820 ἐξ
424 742 547 830 Ὠρεοῦ.
590 741 706 831 Scripsi
731 742 806 806 haec
835 743 934 807 omnia
960 744 1066 809 litteris
1096 745 1276 811 maiusculis.

101 832 196 904 (luam
229 831 397 917 ambiguum
428 830 468 894 sit
497 828 643 919 Θρᾴττας
660 836 791 915 apparet
819 848 859 891 ex
884 827 1061 910 Athenae03
1104 837 1170 894 erat
1196 831 1274 894 enim

102 915 192 980 etiam
212 915 303 1003 piscis
325 936 441 980 nomen.
460 912 636 999 ’Ἁθερίνη
656 920 722 976 erat
752 911 842 1000 piscis
863 933 985 995 nomen,
1013 913 1067 979 seu
1086 913 1165 979 haud
1187 912 1276 979 ‹luhie

95 1000 191 1074 etiam
213 1021 320 1064 nomen
341 1000 391 1064 vel
412 1020 445 1063 co
490 1020 576 1063 omen
597 997 744 1076 mulieris3
767 996 803 1061 de
823 997 905 1086 pisce
926 998 1071 1063 videndus
1093 1005 1139 1064 est
1159 998 1278 1063 Dorion

104 1084 181 1172 apud
202 1084 313 1149 Athen.
330 1084 375 1149 L.
397 1084 441 1153 Vl
458 1132 466 1148 .
486 1105 516 1172 p.
537 1085 601 1148 300
621 1081 659 1146 F:
676 1081 840 1163 Ἕψητοὺς
860 1078 935 1146 εἶναι
955 1083 1012 1162 μὲν
1032 1085 1082 1148 δεῖ
1097 1080 1277 1167 ἐγκρασιχό-

103 1174 191 1244 λους,
213 1166 232 1250 ἢ
254 1168 366 1243 ἴωπας,
387 1165 407 1251 ἢ
429 1167 589 1255 ἀθερίνας,
610 1164 629 1248 ἢ
651 1164 799 1247 κωβιούς,
821 1164 841 1247 ἢ
862 1170 1017 1251 τριγλίδας
1037 1164 1163 1251 μικράς,
1185 1168 1278 1250 σηπί-

104 1251 157 1318 διά
178 1279 210 1318 τε
232 1256 283 1317 καί
309 1255 449 1317 τευθίδια
476 1257 527 1317 καὶ
549 1252 699 1338 καρκίνια.
742 1251 792 1316 Cf.
813 1251 987 1317 Athenaeus
1015 1252 1117 1318 eodem
1143 1253 1220 1318 libro
1247 1274 1278 1342 p.

103 1339 169 1405 285
190 1337 235 1403 A:
262 1338 395 1419 Δωρίων
414 1337 447 1402 δ’
472 1340 504 1404 ἐν
523 1343 567 1425 τῷ
589 1339 657 1421 περί
679 1335 799 1418 ἰχθύων
819 1338 951 1419 κωβίτην
970 1337 1039 1402 τινά
1061 1336 1177 1420 ἑψητόν
1198 1335 1277 1422 λέγει

106 1425 157 1488 καί
178 1423 232 1487 τδν
252 1425 284 1500 ἐξ
305 1423 466 1507 ἀθερίνης·
499 1423 644 1503 ἰχθυδίου
665 1420 697 1484 δ’
723 1418 821 1502 όνομα
846 1421 985 1509 ἀθερίνη.
1028 1422 1137 1512 Sepia,
1159 1421 1280 1510 Thyrsi

105 1530 192 1590 uxor,
214 1509 273 1573 fuit
292 1509 450 1588 meretrix,
471 1508 531 1571 vid.
553 1506 741 1591 Hesychius:
766 1504 905 1589 Θάρσος·
928 1506 1063 1590 αύλητὴς
1082 1505 1128 1591 ἦν,
1150 1516 1281 1592 γυναῖκα

106 1592 183 1676 ἔχων
204 1591 338 1679 ἑταίραν.
370 1603 413 1657 et:
439 1589 566 1674 Θύρσου
586 1587 677 1672 γυνή·
696 1589 931 1677 Ἀριστοφάνης
952 1593 985 1657 ἰν
1005 1589 1138 1676 Νάσοις·
1161 1591 1197 1657 ού
1219 1597 1277 1657 τοῦ

107 1679 244 1759 αὐλητοῦ
270 1673 487 1758 μνημονεύων,
529 1673 600 1736 ἀλλ’
630 1673 698 1737 ἀντὶ
725 1680 780 1737 τοῦ
807 1672 913 1760 φύλλα
939 1680 1030 1740 εἰπεῖν
1059 1680 1111 1741 καλ
1137 1673 1281 1754 κλάδους.

107 1763 200 1852 Sepia
220 1762 266 1826 illi
286 1760 363 1825 haud
386 1760 474 1824 dubie
495 1758 551 1822 luit
572 1777 752 1844 cognomen,
779 1766 812 1822 ut
831 1759 974 1847 plurimae
995 1763 1166 1828 meretrices
1185 1763 1281 1830 variis

108 1847 277 1915 nominibus
304 1843 535 1933 appellabantur.
577 1844 782 1925 Κορακιῦνας
807 1843 918 1931 legitur
936 1843 970 1908 in
990 1845 1090 1910 υοδὶοο
1112 1845 1157 1927 03
1188 1846 1283 1948 vulgo

108 1936 333 2013 κορακιῦνταςς
353 1928 406 1993 sed
417 1927 599 2017 praestiterit
610 1927 740 1992 fortasse
754 1929 989 2011 κορακινίωναςς
1009 1931 1181 2018 respexisse
1202 1951 1307 1999 emm·

109 2016 228 2081 videtur
254 2020 342 2102 poeta
367 2013 615 2095 alemanicum,
647 2012 685 2078 le
712 2033 768 2098 quo
794 2011 855 2078 vid.
876 2012 988 2079 Athen.
1015 2013 1057 2080 L.
1077 2013 1145 2083 Vll.
1166 2036 1196 2104 p.
1216 2016 1283 2082 308

110 2101 141 2164 D
164 2120 227 2185 seq.
248 2100 371 2184 aliisquo
391 2099 424 2162 in
444 2097 528 2166 locis.
561 2099 691 2178 Κωβιοῦ
712 2105 817 2163 autem·
830 2097 909 2163 lihus
930 2098 1048 2184 quinam
1068 2099 1282 2187 intelligentius

110 2186 167 2266 sit,
188 2185 310 2272 ignom:
331 2183 386 2249 sed
406 2183 463 2248 hoc
483 2181 677 2248 certissimum
699 2181 883 2249 estCobium
902 2183 1050 2251 hominen
1071 2184 1167 2250 fuisse
1186 2183 1284 2250 Athe·

111 2267 1090 2420 {lt}÷..talto.L¹⁰¹¹..t3¹t.l⁰⁶⁰l¹tttcllt⁰t.hill?
1111 2269 1286 2421 ‘itum'

111 2439 239 2505 habilius
260 2447 321 2518 est,
350 2374 603 2522 aliumpquemlam
612 2375 661 2501 pcilo
682 2439 835 2526 Archippo
854 2402 966 2502 irotari:
994 2461 1063 2506 nam
1082 2403 1158 2505 haec
1183 2439 1215 2504 la
1235 2440 1287 2505 ola

113 2546 174 2589 uon
194 2525 236 2588 ita
257 2524 348 2589 multo
367 2529 435 2613 post
444 2521 577 2586 Euclidis
599 2542 707 2585 annum
728 2520 814 2586 (locta
828 2522 959 2586 uidetur:
980 2544 1055 2609 quae
1075 2524 1174 2614 opinio
1195 2526 1285 2590 otiam

114 2630 149 2674 eo
172 2609 376 2690 conlimatur,
399 2606 475 2693 quod
494 2606 563 2670 risit
582 2604 778 2671 Melanthium
800 2607 959 2707 tragicum:
990 2609 1083 2692 (iuter
1102 2610 1184 2698 pacis
1206 2610 1286 2675 enim

115 2693 298 2760 conditiones
324 2693 397 2758 haec
417 2711 530 2777 quoquc
551 2697 632 2772 erat,
659 2697 692 2755 ut
711 2690 921 2769 Melanthios,v
936 2692 1004 2776 quia
1045 2693 1166 2760 lurimos
1187 2695 1284 2781 pisces

115 2778 335 2860 honoravisset,
364 2776 529 2841 traderetur
547 2775 695 2864 piscihus,
723 2776 784 2841 vid.
806 2775 981 2842 Athenaeus
1062 2778 1285 2866 1.p.asac=

112 2862 165 2926 ’Κν
192 2864 226 2927 δὲ
256 2871 320 2938 τοῖς
347 2859 471 2943 ἰχθύσιν
490 2857 658 2944 Ἄρχιππος
684 2865 728 2948 τῷ
755 2857 890 2946 δράματι
922 2857 965 2937 ὡς
997 2860 1162 2949 ὀψοφάγον
1189 2859 1288 2945 δήσας

118 2947 338 3099 ffilelanthium]
361 2946 554 3029 παραδίδωσι
574 2953 639 3021 τοῖς
659 2943 784 3028 ἰχθύσιν
799 2944 1116 3030 ἀντιβρωθησόμενον.
1137 2949 1169 3014 ls
1191 2955 1289 3014 οοίοοο

155 3034 301 3098 elanthius
323 3032 398 3095 vixit
417 3039 547 3119 tempore
569 3031 705 3116 antiquae
725 3032 903 3113 comoediae,
924 3032 1152 3117 videquaelixi
1174 3038 1288 3135 supra.)

117 3126 149 3183 et
169 3117 245 3203 qnod
267 3116 363 3203 Anyti
384 3135 496 3200 quoque
521 3115 593 3179 fecit
612 3117 807 3198 mentionem,
833 3116 894 3181 vid.
916 3115 1075 3182 Scholiast.
1095 3119 1231 3183 Platonis
1259 3140 1289 3207 p.

117 3205 196 3268 330:
219 3203 284 3265 Kal
298 3199 480 3284 νΑρχιτιπος
497 3197 634 3281 ’ἰχθύσιν
655 3202 697 3277 εἰς
716 3200 829 3265 σκυτία
850 3199 945 3265 αύτδν
960 3199 1126 3288 (Ἄνυτον)
1148 3203 1290 3269 σκάπτει.

120 3287 232 3352 Cobius
255 3294 350 3351 autem
370 3286 440 3367 iste,
460 3285 542 3348 cuius
563 3290 668 3374 poetae
688 3285 802 3351 mediae
824 3286 991 3351 comoediae
1012 3308 1073 3352 οοο
1094 3289 1187 3353 semel
1208 3309 1291 3352 mon·

120 3372 230 3437 tionem
258 3372 407 3451 lecerunt,
431 3370 579 3458 parasitus
606 3370 671 3435 luit.
713 3369 888 3435 Athenaeus
908 3371 949 3436 L.
970 3370 1024 3439 Vl.
1046 3393 1075 3460 p.
1096 3371 1159 3438 242
1182 3372 1223 3440 C:
1257 3372 1291 3436 ἑν

120 3457 155 3522 δὲ
174 3461 219 3544 τῷ
240 3458 481 3542 Παγκρατιαστῇ
496 3451 626 3531 ’Ἄλεξις
651 3456 875 3541 τρεχεδείπνους
896 3455 1070 3541 καταλίγων
1090 3457 1182 3544 φησί·
1196 3460 1249 3524 „⁴”

205 3568 338 3648 Πρῶτον
358 3565 415 3645 μὲν
435 3555 472 3645 ἦν
492 3588 542 3628 σοι
563 3565 769 3646 Καλλιμίδων
789 3560 805 3628 ὃ
827 3559 985 3650 Κάραβος,

198 3648 323 3714 Ἔπειτα
344 3648 503 3735 Κόρυδος,
525 3647 664 3729 Κωβιός,
682 3650 859 3732 Κυρηβίων,

201 3731 240 3800 Ὁ
259 3731 438 3819 Σκόμβρος,
467 3732 682 3815 ἧΣεμίδαλις.
724 3737 764 3798 Β.
781 3731 942 3818 Ἡράκλεις
963 3735 1042 3820 φίλε,

202 3817 439 3905 Ἀγοράσματ’,
460 3816 496 3881 ού
518 3814 688 3899 συμπόσιον
708 3817 845 3902 εἴρηκας,
867 3816 964 3903 γύναι.

123 3938 238 4026 Scripsi
265 3937 343 4001 enim
364 3935 490 4016 Κωβιός
517 3957 556 4000 ex
584 3936 683 4002 codice
705 3935 748 4019 C,
779 3959 844 4002 cum
866 3937 956 4025 vulgo
977 3936 1130 4024 legeretur
1150 3938 1293 4017 Κωβίων.

122 4025 296 4089 Athenaeus
317 4020 358 4085 L.
372 4021 426 4090 lv.
448 4044 477 4109 p.
499 4019 561 4086 134
583 4019 625 4086 C:
640 4018 768 4097 ’Ἄλεξις
789 4019 821 4084 δ’
845 4023 877 4086 ἰν
897 4027 941 4110 τῷ
963 4021 1196 4112 ἐπιγραφομένῳ
1215 4021 1293 4087 Ἰσο-

123 4106 249 4174 στάσιόν
269 4130 364 4193 φησιν

205 4216 293 4282 Ἀπὸ
315 4220 480 4296 συμβολῶν
500 4211 601 4277 ίπινον
622 4211 783 4297 ὀρχεῖσθαι
803 4208 898 4294 μόνον

209 4301 388 4379 Βλίποντες,
409 4297 485 4364 ι’ίλλο
506 4297 539 4362 δ’
564 4297 667 4364 ούδίν·
690 4296 780 4383 ὄψων
800 4294 938 4382 δνόμοιτα
