2760 4792
131 194 175 264 ²⁶
513 202 917 286 coummrrumouus

130 381 278 450 Βασιλεία
304 378 472 447 traducatur
498 377 535 445 ad
561 377 655 448 Aves.
706 375 826 448 Eximio
851 390 939 473 poeta
964 385 1160 475 significavit,
1201 391 1298 459 Athe.

129 470 252 535 nieuses
274 487 339 531 oum
360 466 396 529 ab
418 464 538 549 antiqua
559 466 768 531 cousuetudine
788 478 820 532 et
845 491 864 532 a
886 471 982 560 patrio
1004 473 1083 537 cultu
1104 474 1224 542 deorum
1246 479 1298 544 de-

129 552 289 632 sciverint,
321 568 454 633 novaque
481 554 512 613 et
556 551 697 638 :regrina
717 552 856 637 quaedam
878 556 999 620 numina
1018 558 1192 626 induxerint
1235 563 1297 632 iam

128 637 236 702 uehis
258 635 372 722 quidem
394 568 589 722 religionibus
611 637 975 726 mentespossesollicitas
997 643 1116 730 erigere
1137 653 1167 711 et
1187 610 1297 715 c⁷0nfim

127 744 226 803 mare,
269 720 323 785 sed
349 719 466 784 foedam
497 721 735 808 superstitionem
757 723 833 786 verti
858 724 891 788 in
923 746 1064 792 summam
1090 728 1238 796 licentiam
1264 740 1297 803 ot

125 808 287 887 libidinem,
314 805 364 868 ubi
385 805 423 869 ad
443 825 528 869 suum
550 806 670 891 quisque
691 806 828 873 iudicium
848 818 968 875 revocet
987 812 1074 878 fidem
1096 821 1126 879 et
1144 817 1293 903 pietatem,

124 892 167 958 ita
186 899 219 956 ut
238 891 296 954 iam
318 911 460 955 summam
486 890 642 977 religionis
670 892 872 960 confusionem
897 896 1070 983 pietatisque
1098 901 1294 989 corruptelam

124 977 267 1044 invadere
288 996 412 1040 necesse
434 976 486 1041 sit:
508 976 694 1040 verumhaec
711 978 838 1042 fortasse
860 983 1023 1047 accuratius
1045 983 1293 1072 explanabuntur,

124 1063 152 1129 si
182 1062 220 1128 ad
245 1060 326 1126 illam
355 1061 532 1126 comoediam
559 1060 762 1147 explicandam
788 1065 899 1129 reverti
923 1066 1048 1133 licuerit
1092 1067 1154 1134 Sed
1175 1092 1238 1137 oum
1258 1073 1294 1138 in

122 1148 176 1214 illo
202 1148 267 1212 loco
287 1145 504 1233 Aristophanes
530 1143 638 1211 cultum
658 1145 894 1234 alienigenarum
922 1151 1042 1216 deorum
1063 1149 1195 1220 Triballi
1220 1158 1295 1223 ima-

123 1234 196 1322 gine
221 1231 419 1334 expresserit,
461 1228 493 1294 bi
521 1248 634 1315 quoque
660 1230 765 1324 quibus
790 1234 903 1299 luerint
921 1237 1051 1302 moribus
1073 1242 1292 1327 cognoscimus,

122 1339 178 1408 quo
199 1323 327 1406 pertinet
345 1315 419 1380 illud
438 1332 467 1379 v.
490 1314 587 1380 1523:
672 1319 675 1324 ⁸

206 1405 296 1467 ΠΕΙ.
332 1398 452 1479 ’Όνομα
474 1399 508 1462 δέ
527 1398 648 1474 τούτοις
668 1409 733 1475 τοῖς
755 1406 840 1476 θεοΐς
860 1410 925 1479 τοῖς
943 1399 1116 1489 βαρβάροις

208 1489 252 1551 Τί
271 1486 367 1567 dorium
388 1487 461 1548 ΠΡ.
496 1481 585 1550 Ὅτι
607 1487 704 1566 έστίν;
727 1489 908 1568 Τριβαλλοί.
935 1491 1025 1554 ΠΕΙ.
1055 1489 1241 1571 Μανθάνεις

201 1571 367 1636 Ἐντεῦθεν
388 1562 450 1650 ἆρα
470 1568 693 1654 τούπιτριβείης
714 1571 838 1652 ἐγένετο.

120 1666 201 1725 etv.
222 1659 315 1723 1577.
335 1656 385 1720 ubi
403 1655 570 1741 Neptunus,
591 1656 657 1744 pius
679 1662 709 1718 et
729 1656 870 1720 honestus
891 1664 925 1722 ut
944 1679 1020 1723 unus
1042 1680 1081 1724 ex
1102 1662 1291 1748 antiquorum

119 1742 239 1810 deorum
261 1741 399 1821 concilio,
425 1740 682 1804 irreverecundum
704 1739 872 1806 Triballum
892 1743 935 1806 ita
955 1744 1101 1835 increpat:

207 1816 308 1902 Οὗτος
327 1828 359 1889 τί
378 1828 471 1909 ιλρᾶςς
501 1824 550 1890 ἐπ’
575 1823 712 1910 ἀριστέρ’
737 1823 834 1902 οὕτως
855 1826 998 1915 ἀμπέχει,ι

206 1909 253 1976 Ob
299 1916 455 1990 εταβαλεῖς
483 1908 648 1991 θοίμάτιον
669 1909 726 1974 oud'
750 1911 799 1974 e’ni
822 1910 937 1992 δεξιάν,·

204 1999 248 2059 Τί
267 2021 291 2060 ω
314 1990 517 2076 κακάδαιμον;
542 1996 744 2068 Λαισποδίας
765 1992 793 2057 εί
809 1995 864 2077 τὴν
885 1995 988 2080 φύσιν.

116 2081 189 2149 Atia
209 2081 395 2169 suppeditant
415 2080 608 2167 grammatici,
636 2078 822 2163 Hesychius:
869 2083 1055 2164 Τριβαλλοι·
1081 2080 1285 2168 συκοφάνται·

118 2166 147 2232 oi
175 2167 208 2230 (λέ
232 2165 305 2240 τούς
330 2161 543 2238 θωπευτικούς
569 2162 602 2226 έν
631 2173 695 2236 τοῖς
723 2165 895 2242 βαλανείοις
921 2167 1135 2249 διατρίβοντας
1160 2172 1211 2232 καί
1233 2172 1286 2234 tat

116 2251 156 2317 od:
178 2253 282 2315 δεῖπνα
304 2247 432 2323 ἑαυτούς
453 2252 632 2322 καλοῦντας.
675 2247 806 2332 Etymol.
833 2246 939 2334 Magn.
956 2270 989 2358 p.
1010 2251 1083 2332 765,
1104 2250 1161 2317 55:
1208 2256 1287 2338 Τρί.
1349 2310 1351 2317 ,

113 2340 241 2420 βαλλοι·
264 2334 292 2399 oi
313 2336 345 2398 έν
365 2343 429 2408 τοῖς
448 2333 621 2414 βαλανείοις
642 2329 805 2415 ἀναγώγως
826 2334 1065 2420 ιλιατριβομενοι·
1088 2335 1117 2399 oi
1138 2336 1187 2414 δέ,
1200 2337 1286 2416 τούς

114 2424 233 2496 είκαίως
258 2419 332 2494 τούς
357 2421 444 2499 βίους
474 2419 724 2500 κατατρίβοντας.
781 2416 897 2483 Similia
922 2420 1047 2484 Plotius
1079 2443 1108 2509 p.
1135 2422 1216 2504 600,
1243 2427 1282 2491 9:

115 2504 302 2592 Τρὶβαλλοί·
336 2505 365 2568 oi
386 2506 418 2569 έν
438 2511 503 2580 τοῖς
522 2504 694 2582 βαλανείοις
716 2499 878 2585 ἀναγώγως
898 2501 1138 2589 διατριβάμενσι·
1167 2509 1282 2589 Appo-

113 2592 228 2674 σθένης
254 2593 286 2655 έν
310 2594 353 2676 τῷ
382 2587 460 2653 κατολ
488 2584 633 2661 Κόνωνος
660 2587 756 2663 οἰκίας
784 2591 855 2668 (scr.
878 2592 991 2674 αίκίας)
1019 2591 1070 2653 καί
1096 2589 1282 2674 τριβάλλους

112 2673 382 2757 έπωνυμίανέχειν·
404 2674 433 2738 oi
455 2673 488 2737 δέ
508 2672 580 2747 τοὺς
601 2673 729 2746 εἰκαίους
750 2675 800 2735 καλ
822 2672 894 2748 τούς
913 2677 1001 2753 βιόνς
1021 2677 1281 2759 κατατρίβονταςι

112 2784 187 2848 quae
214 2768 350 2848 corrupta
374 2766 458 2840 suut,
500 2765 580 2822 recte
607 2764 709 2820 auctor
728 2756 858 2844 Etymul.
880 2758 924 2823 M.
956 2757 1029 2834 τοὺς
1060 2762 1179 2837 εἰκαίως
1204 2763 1280 2841 τούς

109 2848 198 2930 βίους
219 2846 440 2928 διατρίβοντας.
483 2843 636 2907 Abiectam
663 2843 767 2907 borum
794 2843 940 2908 homiuem
969 2858 999 2910 ot
1043 2844 1209 2933 rolligatam
1230 2849 1280 2914 vi·

111 2940 170 2997 tam
192 2938 327 2996 accurate
344 2928 484 2994 describit
493 2927 709 2991 Demosthenes
731 2929 763 2992 in
786 2925 938 2992 Cononem
960 2929 1001 2996 Τ.
1023 2865 1062 2998 l'.
1083 2952 1112 3017 p.
1133 2929 1208 2996 479.
1228 2932 1278 2999 ed.

109 3015 225 3083 Balaka
269 3011 385 3082 Ἀκούω
410 3013 485 3099 γάρ,
522 3004 546 3076 ὦ
576 3012 683 3095 άνιλρες
711 3014 869 3092 δικασταί,
903 3011 1038 3096 Βάκχιόν
1063 3017 1098 3078 τέ
1121 3036 1209 3098 τινα,
1242 3014 1279 3095 ὃς

109 3100 189 3186 παρ’
213 3097 286 3182 ύμῖν
307 3099 456 3174 ἀπέθανε,
492 3101 541 3162 καὶ
566 3093 803 3181 Ἀριστοκράτην
828 3097 882 3160 τὸν
907 3097 980 3174 τοὺς
1007 3098 1195 3184 ὀφθαλμούς
1214 3103 1281 3166 διε-

109 3186 292 3273 φθαρμένον
308 3188 358 3249 καὶ
380 3181 539 3258 τοιούτους
559 3179 681 3262 ἑτέρους
702 3184 753 3244 καί
775 3177 907 3245 Κόνωνα
932 3187 1050 3248 τουτονὶ
1073 3183 1213 3268 ἑταίρους
1234 3182 1277 3250 εί-

107 3297 157 3335 ναι
184 3267 324 3356 μειράκια
354 3267 443 3345 ὄντας
471 3271 521 3331 καὶ
546 3265 741 3351 Τριβαλλούς
762 3268 935 3347 ἐπωνυμίαν
956 3267 1047 3351 έχειν·
1076 3267 1206 3346 τούτους
1234 3266 1275 3335 τά

107 3380 140 3421 τε
162 3352 310 3419 Ἑκαταῖα
335 3356 506 3419 κατεσθίειν
532 3350 676 3428 καὶτοὺς
708 3349 806 3437 ὄρχεις
835 3352 908 3427 τοὺς
933 3356 967 3417 έκ
988 3360 1049 3417 τῶν
1066 3357 1194 3438 χοίρων,
1228 3351 1275 3434 οἷς

106 3441 311 3525 καθαίρουσιν
332 3437 407 3504 ὅταν
426 3438 547 3503 εἰσιέναι
567 3437 732 3517 μέλλωσιν,
760 3437 959 3520 συλλέγοντας
988 3435 1130 3503 ἑκάστοτε
1155 3443 1275 3504 συνδει-

106 3535 189 3590 πνεῖν
217 3521 360 3606 ἀλλήλοις
387 3528 436 3589 καὶ
465 3522 543 3610 ῥᾷον
569 3519 697 3602 ὀμνύναι
719 3525 770 3585 καλ
792 3523 939 3607 ἐπιορκεῖν
960 3521 979 3602 ἢ
1002 3520 1113 3587 ὁτιοῦν.
1156 3524 1273 3592 Horum

104 3612 324 3702 protervitatem
351 3611 449 3698 tangit
460 3613 547 3674 edam
564 3626 654 3695 supra
684 3603 779 3672 .l73.
800 3608 850 3671 ubi
871 3608 942 3672 dicit
963 3606 1115 3673 Cononem
1137 3611 1271 3698 specioso

104 3696 225 3763 nomine
245 3694 415 3760 foeditatem
442 3696 603 3760 obscurare
631 3626 722 3756 velle:
745 3693 860 3776 ’έρεῖν,
887 3687 930 3768 ὡς
957 3694 1031 3756 εἰσὶν
1058 3694 1091 3757 έν
1116 3700 1154 3777 τῇ
1186 3691 1273 3759 πόλει

103 3783 212 3848 πολλοὶ
234 3785 335 3845 καλῶν
356 3777 505 3863 κάγαθῶν
526 3777 648 3862 ἀνδρῶν
668 3776 755 3852 υἱεῖς,
792 3777 828 3841 σί
848 3778 1003 3853 παίζοντες
1030 3772 1082 3841 οἷα
1109 3776 1271 3863 άνθρωποι

101 3869 178 3945 νέοι,
215 3866 321 3952 σφίσιν
350 3863 455 3940 αύτοῖς
481 3863 653 3943 έπωκυμίας
681 3862 857 3944 πεποίηνται
883 3864 935 3925 καλ
962 3866 1089 3926 καλοῦσι
1116 3862 1188 3940 τούς
1214 3864 1272 3944 μέν

101 3947 297 4039 ἰθυφάλλους
324 3950 397 4026 τούς
424 3949 458 4013 δέ
486 3942 734 4029 αὐτοληκύθους,
772 3949 863 4032 ἐρῶσι
893 3944 924 4010 d‘
948 3947 982 4010 έκ
1002 3943 1119 4011 τούτων
1139 3945 1271 4032 ἑταιρῶν

100 4039 194 4118 τινές,
231 4038 282 4101 καὶ
309 4035 347 4118 δὴ
369 4033 496 4101 καὶτὸν
515 4032 582 4097 υἱὸν
604 4031 658 4095 τὸν
678 4031 789 4096 ἑαυτοῦ
811 4029 885 4096 εἶναι
906 4028 1025 4095 τούτων
1045 4032 1100 4097 tto
1119 4036 1171 4096 :cal
1192 4039 1271 4099 :col-

101 4120 188 4202 λάκις
219 4124 287 4205 περὶ
324 4116 449 4205 ε’ταίρας
484 4121 536 4183 καί
573 4116 727 4203 εἰληφέναι
766 4120 817 4180 καὶ
848 4114 1009 4180 δεδωκέναι
1042 4114 1173 4200 πληγάς,
1217 4120 1271 4183 :col

100 4204 191 4277 ταῦτ’
218 4202 294 4274 εἶναι
319 4206 395 4271 νέων
421 4199 605 4292 ἀνθρώπων.
640 4210 671 4267 et
695 4201 782 4267 ibid:
823 4198 1020 4287 Ἰθυφάλλοις
1046 4203 1080 4265 δὲ
1100 4206 1152 4266 καλ
1174 4202 1270 4268 αύτο-

101 4288 251 4382 tamtum
275 4294 494 4380 συγχωροῦμεν
519 4285 593 4356 εἶναι
624 4295 689 4364 τοῖς
714 4285 793 4352 υἱέσι
812 4294 878 4362 τοῖς
896 4282 1009 4353 τούτου
1030 4288 1083 4352 καί
1102 4283 1193 4375 ἔγωγ’
1216 4285 1270 4355 ιβ.
1324 4294 1344 4389 ⁸..
