2760 4792
153 198 218 303 318
548 197 950 271 couuuuuuulouus

151 392 213 437 rem
235 376 325 446 παΐς
349 364 397 435 dv
416 391 470 459 pro
492 370 575 458 vulg.
595 372 725 451 παίζων,
746 370 800 443 sed
821 371 899 438 nihil
919 370 1036 437 videtur
1056 371 1230 439 tentandum
1251 392 1326 443 esse.

151 454 214 522 ud
233 455 354 546 propius
375 477 449 521 sone
470 456 507 523 ad
529 458 670 523 librorum
681 457 854 547 scripturam
869 457 981 523 accedit
1001 448 1144 535 ιἰαόθις
1162 457 1325 543 γεγένηται,

152 547 184 607 at
204 541 370 605 sententiae
391 540 497 605 melius
518 542 672 624 convenit,
692 542 769 629 quod
790 542 911 693 scripsi,
934 539 1058 618 κεόθός.
1226 578 1229 583 -

239 626 343 690 Hermi
382 625 454 689 iex
474 622 589 691 Moeris
617 628 817 715 fragmentum
855 627 956 715 egitur
983 627 1059 717 apud
1079 626 1273 695 Athenaeum
1290 626 1327 695 X.

60 757 64 765 ·
152 734 182 801 p.
194 712 259 779 418
271 711 312 776 C:
327 708 344 734 ’¹
371 716 458 795 λεηον
479 712 513 775 'dd
533 710 790 797 salernetanus
810 711 931 779 ἔνθεσιν
949 710 1007 796 τὴν
1026 710 1176 797 μεγόλην·
1191 708 1327 801 Ἕρμαι-

155 822 214 875 πος
232 798 373 956 Ἰίλοέίιόιξ
391 880 425 944 dd
445 876 562 945 roricus
584 879 672 946 οὐδέν
693 880 923 963 ίνθυμοόμενος

237 966 342 1031 Μόων
362 964 544 1042 ’ξυνέπλαττε
568 964 757 1047 Θετταλικὴν
777 966 833 1049 τὴν
852 966 982 1033 ἔνθεσιν.

155 1048 259 1119 Mau.
279 1051 364 1131 iuuu,
385 1051 460 1135 quod
481 1073 584 1139 parum
601 1060 699 1140 aptum
721 1059 777 1134 est,
799 1060 966 1141 corruptum
981 1074 1050 1117 esse
1070 1051 1215 1135 arbitron
1236 1052 1328 1123 codex

152 1138 190 1205 P.
216 1138 292 1202 sieut
319 1135 462 1201 editiones
489 1142 623 1219 veteres,
652 1134 762 1221 μόρων
789 1138 946 1203 exhibent:
990 1138 1088 1224 itaque
1119 1138 1327 1229 corrigendum

154 1244 373 1381 00118ίῖ(Θ.Ζειλς
395 1304 428 1369 de*
448 1300 565 1369 τοότιον
587 1304 676 1371 οὐδὲν
696 1303 926 1388 ίνθνμοόμενος

238 1395 415 1474 Μοιρῶν,
438 1390 619 1489 ξυνόπλ-αττε
643 1390 830 1473 Θετταλικὴν
850 1392 906 1475 τὴν
927 1390 1058 1456 ἔνθεσιν.

155 1492 300 1560 Confusio
329 1492 469 1580 diphthou
493 1493 503 1555 i
531 1518 559 1556 οι
582 1505 612 1556 et
637 1492 750 1556 vocalis
770 1481 804 1555 υ
823 1493 1064 1579 frequentissimo
1090 1499 1150 1557 est:
1181 1491 1227 1559 ita
1250 1492 1328 1559 infrs

153 1579 230 1669 apud
253 1577 439 1642 Athenaeum
459 1513 514 1642 ull.
534 1601 563 1666 p.
584 1579 648 1643 476
664 1578 704 1641 Ι).
727 1578 810 1642 αοόό.
826 1576 1005 1662 Ἕρμιππος
1027 1574 1158 1661 Μόραις
1250 1580 1328 1663 hest,

173 1664 229 1728 uod
253 1662 448 1728 casaubonus
470 1664 608 1727 correxit.
635 1661 684 1728 cf.
702 1662 873 1749 Hesychius
895 1686 923 1728 v.
945 1661 1140 1749 Νυμφόβας·
1161 1598 1329 1729 Hchndlissls

189 1748 387 1839 ephaestionis
408 1769 437 1835 p.
460 1747 524 1813 185
545 1748 592 1816 ed.
615 1747 711 1812 Gaisl.
726 1747 880 1831 Ὅμηρος,
905 1746 961 1830 οὐχ
982 1744 998 1812 ὁ
1021 1747 1149 1831 ποιητὴς
1168 1744 1243 1813 ἀλλ’
1263 1746 1328 1827 silc

149 1831 231 1915 ‘Oprp
254 1839 306 1901 οὓς
316 1838 372 1915 τῆς
387 1834 555 1911 Βυζαντίας
566 1834 749 1916 ποιητρίδος.
771 1833 879 1898 Pauvii
894 1834 1037 1898 correctio
1050 1837 1187 1918 Μυροῦς
1205 1834 1328 1923 proheta

154 1926 201 1985 est
220 1859 354 1983 llaekio:
382 1918 436 1982 sed
464 1917 650 1982 scribendum
678 1923 725 1981 est
750 1920 911 2000 Μοιροός,
939 1918 999 1983 vid.
1020 1918 1202 1984 Parthenius
1224 1940 1252 1985 c.
1270 1920 1326 1985 uss

149 2001 281 2088 Ἱστορεῖ
297 2002 413 2088 Μοιραλ
435 2004 467 2066 ἐν
492 2011 560 2076 ταΐς
577 2000 690 2085 Ἀραῖς.
732 2001 907 2066 Athenaeus
927 2003 981 2068 XI.
1003 2026 1031 2093 p.
1052 2003 1118 2070 49⁰
1137 2001 1180 2070 (λε
1212 2000 1328 2087 Μοεηό

153 2090 342 2171 ἡΒυζαντία
363 2124 406 2138 -
427 2089 459 2151 ἐν
480 2092 517 2171 τῇ
540 2080 736 2169 Μνημοσύνῃ
758 2087 997 2173 ἐπιγραφομένῃ.
1019 2089 1059 2153 cf.
1079 2086 1152 2153 ihid.
1171 2109 1202 2178 p.
1211 2086 1327 2155 4911.

151 2175 229 2240 lHud
257 2182 354 2238 autem
381 2169 397 2236 ὃ
420 2170 499 2246 Ζειλς
525 2170 603 2235 aud
629 2169 822 2258 Hermippum
851 2173 1077 2239 intelliffeudum
1104 2173 1244 2239 existimo
1268 2194 1328 2239 non

155 2261 191 2324 de
211 2260 300 2339 Iove,
321 2257 374 2321 sed
397 2257 434 2320 de
455 2192 590 2337 Pericle,
613 2255 660 2318 cui
681 2276 846 2343 cognomen
867 2265 932 2321 erat
948 2226 1099 2358 luppiter,
1119 2258 1164 2323 uti
1184 2264 1233 2325 est
1251 2256 1327 2349 apud

155 2342 311 2409 Cratinum
332 2342 365 2405 in
386 2341 533 2406 Thressis
556 2339 632 2429 apud
654 2339 844 2405 Plutarchum
867 2343 917 2407 vit.
938 2343 1049 2409 Pemcl.
1071 2365 1096 2410 e.
1118 2342 1175 2410 132

234 2424 273 2490 ‘0
295 2426 515 2511 σχινοκέφαλος
535 2427 614 2500 Ζειλς
635 2420 683 2489 lul
705 2426 905 2511 προσέρχεται

235 2509 273 2576 Ὁ
294 2512 462 2598 Περικλίης
488 2509 614 2599 τῷιλειον
640 2512 688 2575 lut
717 2515 774 2574 soii
795 2514 921 2596 κρανίου

113 2620 117 2629 ’
232 2596 347 2679 ’Έχαιη
370 2597 472 2685 ἐπειδὴ
487 2594 678 2681 τοόστρακον
699 2597 890 2678 παροίχεται.

156 2690 186 2750 et
206 2683 238 2747 in
259 2683 381 2747 Nemesi
403 2682 478 2770 apud
500 2681 581 2746 Plut.
602 2681 674 2745 ibid.
696 2704 721 2746 c.
743 2683 780 2746 3:

237 2765 328 2832 Mdt'
351 2759 376 2830 ὧ
397 2773 459 2830 Ζεῦ
480 2766 555 2843 ξένιε
576 2768 626 2829 καλ
647 2762 846 2849 μακροκοίριε.

154 2855 218 2919 sive
240 2856 328 2917 etiam
350 2852 522 2942 Olympius,
542 2851 603 2916 vid.
624 2849 796 2915 Teleclides
819 2871 865 2937 ap.
886 2850 1073 2916 Athenaeum
1093 2850 1133 2916 X.
1152 2872 1182 2939 p.
1202 2848 1269 2919 436
1281 2848 1326 2916 Fr

147 2928 206 3016 Ἦς
228 2938 434 3021 (Χρυσίλλης)
458 2940 508 3000 καλ
530 2935 685 3020 Περικλία
706 2936 759 3001 τόν
777 2934 945 3015 Ὀλύμπιον
971 2938 1044 3021 ἐρᾶν
1064 2959 1142 3021 φησι
1164 2934 1328 3021 Τηλεκλεί-

153 3026 210 3109 δης
231 3024 263 3087 όν
279 3020 445 3098 Ἡσιόδοις.
488 3022 706 3109 Aristophanes
728 3022 759 3084 in
780 3020 1024 3087 Acharnensibus
1044 3042 1074 3087 v.
1094 3022 1174 3090 aad:

235 3108 401 3174 Ἐντεῦθεν
423 3107 499 3194 όρηῇ
520 3106 690 3192 Περικλίης
715 3102 895 3186 Οὗλόμπιος

230 3191 435 3278 Ἦστραπτεν,
457 3189 600 3276 ἐβρόντα,
622 3187 767 3267 ξυνεκύκα
788 3190 844 3274 τὴν
859 3184 1010 3254 ‘uoluta

153 3282 287 3366 Μοιρῶν
308 3286 417 3361 eutem,
438 3278 515 3364 quod
536 3277 668 3358 restitui,
688 3275 914 3364 intelligendum
935 3280 981 3338 est
1001 3273 1039 3339 de
1059 3271 1150 3337 moris
1169 3270 1328 3339 nuceum·

152 3366 334 3447 munierum,
369 3365 518 3450 equibus
551 3362 681 3428 fabulam
706 3381 814 3426 nomeu
846 3359 977 3425 traxisse
1002 3358 1136 3423 eoniicio.
1176 3355 1326 3423 Existimo

152 3452 230 3516 enim
253 3453 330 3515 hanc
350 3449 529 3514 comoediam
550 3469 586 3513 eo
608 3454 738 3548 tempore
759 3446 796 3510 ah
818 3444 982 3534 Hermippo
1003 3444 1142 3531 scriptam
1162 3460 1249 3525 esse,
1270 3462 1326 3529 quo

151 3535 399 3616 Lacedaemonii,
425 3534 551 3624 primum
571 3533 735 3620 irruptione
755 3532 787 3595 in
809 3530 937 3595 Atticam
957 3530 1035 3593 laetu
1055 3548 1148 3629 usque
1166 3525 1326 3593 Acheruns

151 3619 615 3771 eneruauerunt
630 3615 1036 3767 ‘lllll'llldhuhl‘’
1050 3612 1327 3785 ullultutt

151 3799 233 3859 esset
257 3793 452 3879 impetumque
479 3724 638 3853 blelllhosae
658 3787 818 3851 iuventutis
840 3790 1004 3865 coerceret,
1084 3781 1179 3846 ariter
1204 3802 1327 3847 succerr-

150 3881 269 3945 sebant:
312 3875 411 3960 itaque
436 3874 509 3938 mihi
555 3873 651 3937 uidem
674 3873 791 3937 videtur
815 3870 889 3934 haec
910 3867 1012 3933 fabula
1032 3804 1214 3965 dltuydeui
1235 3886 1325 3949 auno,

151 3966 181 4029 h.
210 3986 238 4028 e.
266 3960 384 4047 Olym.
411 3894 643 4027 LXXXllm
675 3958 759 4021 docta
796 3976 879 4019 esse:
922 3954 986 4017 eius
1018 3954 1097 4017 enim
1124 3972 1197 4015 annu
1221 3972 1326 4017 mense

153 4050 246 4139 primo
268 4048 333 4111 sive
354 3982 613 4110 Hecatombaeone
634 4043 765 4107 incursio
785 4040 839 4104 illa
859 4040 938 4103 faeta
959 4042 1006 4102 est
1026 4058 1045 4101 a
1064 4035 1326 4115 Lacedaemoniis,

152 4134 228 4222 quod
250 4132 367 4218 quidem
395 4129 497 4216 colligi
526 4135 623 4218 potest
649 4149 688 4192 ex
709 4124 889 4211 Thucydide
909 4123 950 4188 ll.
972 4121 1031 4187 so:
1070 4119 1199 4202 Ἐπειόν)
1219 4120 1326 4215 μέντοι

153 4215 359 4305 προβαλόντες
384 4220 422 4300 τῇ
448 4210 543 4299 Οἰνόη
571 4215 622 4276 καλ
648 4219 751 4277 πᾶσαν
778 4209 863 4273 tuter
888 4202 1073 4294 περάσαντες
1095 4205 1150 4271 osis
1176 4200 1327 4275 ίόόκαντα

152 4303 228 4371 ἑλεῖν
232 4353 242 4383 ,
267 4303 298 4367 οῗ
317 4326 348 4367 τε
364 4297 526 4383 Ἀθηναῖοι
555 4297 644 4363 addin
664 4290 934 4384 interpunctione,
961 4288 1043 4358 οόται
1068 4288 1108 4375 δὴ
1133 4284 1326 4377 ὁρμήσαντας
