2760 4792
149 201 213 270 224
532 204 938 274 COMMENTATIONES
1010 148 1013 155 Ι

148 373 367 463 philosophiae:
393 372 466 438 illud
488 373 565 438 euim
592 373 725 462 prolecto
751 376 981 463 repugnavisset
1001 382 1125 440 naturae
1146 374 1263 463 poesis,
1289 376 1316 443 si

151 457 292 525 Cratinus
319 467 369 524 aut
395 457 517 546 Eupolis
545 468 595 522 aut
615 456 833 547 Aristophanes
861 468 996 545 tanquam
1027 459 1195 549 philosophi
1223 460 1316 549 ipsam

149 544 194 608 rei
215 544 341 632 speciem
368 543 469 632 procul
489 564 507 606 a
528 565 667 607 sensuum
688 544 899 608 cousuetudine
920 552 951 608 et
971 544 1125 609 lenociniis
1146 544 1317 634 proposuis-

150 636 231 693 sent:
253 629 346 717 ipsam
368 637 463 691 tamen
486 628 566 693 illam
589 628 740 692 veritatem
752 629 883 693 studiose
898 628 1081 717 indagabant
1089 649 1186 714 neque
1197 630 1317 697 omnino

150 713 365 803 philosophiam
402 714 529 776 omnium
562 734 660 776 rerum
699 735 746 777 ma
770 713 873 777 ‘stram
904 714 1041 802 optimam
1072 714 1223 778 oderunt:
1262 716 1317 781 sed

150 797 227 884 quod
248 819 349 862 verum
371 818 454 879 esse,
481 802 710 886 perspexerant,
736 735 809 862 iisd
833 799 995 885 imaginum
1024 798 1166 863 varietate
1191 798 1316 865 usisub

150 881 250 947 oculos
271 882 473 947 subiiciebant.
515 882 550 946 ld
572 883 664 969 igitur
685 882 759 966 quod
786 890 937 972 poetarum
958 883 1086 948 animum
1108 882 1243 971 graviter
1261 884 1316 951 im·

150 967 225 1056 pulit
245 973 275 1031 et
295 967 463 1049 commovit,
491 975 642 1055 postquam
671 967 771 1031 sobrie
797 968 829 1031 in
850 989 952 1031 omnes
974 976 1073 1055 partes
1095 968 1192 1032 auimo
1215 990 1317 1035 versa-

148 1060 272 1134 verunt,
299 1052 340 1115 ita
361 1052 598 1133 conformabant,
624 1064 657 1115 ut
676 1052 801 1115 sormam
821 1058 852 1115 et
879 1052 1005 1152 figuram
1031 1052 1068 1117 ad
1095 1051 1315 1121 similitudinem

148 1137 243 1226 ipsius
274 1138 321 1201 rei
347 1135 588 1202 accommodatam
617 1135 768 1216 indueret,
797 1143 883 1221 atque
910 1137 940 1201 ul
966 1137 1074 1201 vividis
1101 1137 1248 1205 coloribus
1273 1140 1316 1205 iu

149 1244 188 1286 ex
209 1222 364 1302 Amabant,
384 1228 415 1283 ut
436 1220 549 1307 species
572 1220 703 1283 veritatis
725 1219 933 1308 persingulas
954 1229 1054 1309 partes
1075 1228 1209 1287 manaret
1229 1229 1316 1311 atque

149 1244 319 1395 peiiuceret.
372 1303 512 1369 Cratinus
558 1305 651 1392 igitur
687 1305 735 1368 vir
768 1307 972 1392 magnanimus
1015 1328 1080 1371 cum
1112 1308 1317 1396 perspexisset

150 1398 257 1476 quanto
280 1396 441 1454 antestaret
454 1391 559 1454 ceteris
575 1391 680 1476 poetis,
701 1390 732 1453 id
748 1389 841 1454 libere
851 1391 1004 1478 professus
1027 1399 1083 1473 est,
1104 1398 1190 1476 atque
1211 1392 1314 1459 eodem

74 1528 77 1535 .
149 1485 233 1564 pacto
254 1475 285 1538 iu
309 1472 488 1539 Chironibus
511 1475 651 1538 extremis
673 1475 749 1538 dixit
775 1496 812 1538 ee
832 1481 914 1537 duos
936 1483 1089 1558 integros
1110 1499 1216 1541 amos
1235 1478 1316 1543 hoste

148 1562 335 1643 comoediae
355 1563 580 1622 elaborandus
600 1575 635 1622 et
651 1566 892 1638 perpoliendae
913 1564 1088 1638 tribuisse,
1115 1577 1151 1625 et
1170 1583 1208 1627 se
1220 1562 1315 1627 'dane

140 1650 300 1723 fabulam
321 1647 442 1707 ceteris
466 1653 577 1722 poetis
599 1659 758 1728 tanquam
779 1650 968 1726 exemplem
990 1653 1177 1726 perficerem
1197 1662 1234 1711 et
1250 1672 1314 1711 m·

147 1735 246 1794 tribes
274 1737 419 1792 numeris
446 1734 635 1792 absolutum
657 1751 861 1807 proponere,
887 1735 1070 1815 quod-ipsi
1100 1739 1314 1797 tueamur

148 1830 184 1880 et
202 1827 235 1878 er·
251 1829 404 1893 possent,
425 1821 686 1878 aemularentur.
729 1813 873 1879 Aristidis
901 1824 996 1880 autem
1018 1816 1124 1899 verba,
1151 1837 1227 1900 quae
1246 1838 1312 1885 eor·

148 1901 250 1988 rigere
272 1900 363 1965 voluit
376 1899 540 1979 Hanovius‚
562 1901 606 1964 sic
627 1907 696 1963 suut
716 1899 904 1987 explicanda:
929 1904 1009 1964 &a
1023 1917 1134 1965 auteur
1147 1902 1312 1969 ossum

148 1992 282 2049 doceret
301 1991 387 2048 idem
407 2001 506 2065 poeta
518 2007 638 2047 rursus
659 1993 696 2046 s'rs
710 1988 782 2060 fiae
794 1988 941 2061 fabulae
962 1990 1157 2067 superbiens
1177 1992 1290 2053 dicte.-

235 2074 344 2133 Ταῦτα
367 2072 453 2131 errore
473 2070 505 2132 ἓν
525 2069 604 2131 ἐτοῖν
624 2065 698 2148 ἡμῖν
717 2066 808 2148 μόλις
826 2066 1008 2153 ἐξεπονήθη.

146 2154 222 2220 Nam
250 2155 294 2217 sic
319 2162 399 2217 recte
426 2153 545 2251 scripsit
570 2152 746 2216 Dindortius
772 2152 885 2218 adiecta
910 2155 1142 2243 praepositiones
1171 2155 1310 2221 heme-

147 2239 201 2303 tris
224 2239 301 2302 euim
324 2237 457 2301 versibus
478 2235 607 2300 tabulam
631 2237 727 2300 finivit
745 2250 848 2326 poeta,
875 2258 946 2324 quos
967 2240 1111 2305 recitabat
1130 2239 1215 2307 ebori
1238 2238 1309 2327 dux,

146 2322 222 2388 sicut
242 2323 327 2386 etiam
349 2320 568 2409 Aristophanes
588 2321 620 2385 iu
641 2320 738 2385 Ranis
762 2323 860 2387 1528:

229 2409 350 2492 Πρῶνα
370 2405 427 2486 μὲν
447 2404 569 2469 εὐοδίαν
589 2403 714 2488 ἀγαθὴν
733 2403 852 2470 ἀπιόντι
874 2411 984 2492 ποιητῇ

226 2491 284 2568 Ἐς
305 2488 385 2578 φάος
407 2491 561 2578 ὀρνυμένῳ
588 2488 656 2556 δότε
678 2493 817 2572 δαίμονες
840 2491 869 2555 oi
890 2491 968 2556 κατὰ
988 2492 1089 2576 γαίας.
1240 2566 1243 2571 Ι

228 2576 291 2643 lam
317 2598 388 2641 vero
411 2576 551 2643 Cratinus
581 2577 658 2641 hauc
684 2576 814 2641 fabulam
840 2577 909 2643 inde
934 2577 1051 2642 videtur
1077 2596 1204 2642 exorsus
1229 2598 1308 2661 esso,

145 2660 223 2726 uude
245 2662 340 2727 omnis
355 2662 434 2726 vitae
454 2662 530 2725 ratio
552 2682 587 2725 ac
606 2662 726 2726 fortuna
746 2662 909 2743 deducitur,
930 2663 967 2726 ab
983 2662 1155 2727 educatione
1176 2667 1208 2726 et
1221 2662 1309 2729 disei-

144 2746 235 2835 plina.
277 2747 339 2811 laur
362 2748 439 2810 enim
462 2746 662 2810 Athenienses
684 2768 702 2810 a
723 2747 865 2811 maiorum
885 2746 1095 2811 consuetudine
1123 2745 1309 2813 deflexerant

144 2832 311 2916 sensimque
333 2853 351 2895 a
371 2831 496 2920 pristina
516 2831 674 2895 severitate
689 2831 886 2896 desciscentes
906 2831 982 2920 lapsi
1003 2838 1089 2896 erant
1103 2830 1139 2896 ad
1157 2831 1307 2911 mollitiem

143 2916 379 3002 quaerebantque
405 2937 464 2979 non
485 2923 543 2980 tam
566 2938 618 2998 ea,
641 2937 721 3001 quae
742 2937 848 3004 corpus
874 2917 986 3004 pariter
1005 2925 1091 3002 atque
1112 2917 1240 2981 animum
1260 2916 1311 2981 in·

144 3001 300 3065 tenderent
332 3008 362 3065 et
391 3001 616 3082 confirmarent,
648 3000 700 3065 sed
739 3022 813 3086 quae
845 3002 1028 3066 remitterent
1063 3007 1094 3064 et
1125 3000 1307 3067 relaxarent.

143 3084 282 3235 Inprimis
305 3094 400 3151 autem
421 3086 549 3150 musicae
571 3085 643 3149 artis
665 3086 902 3174 depravationem
929 3086 1047 3151 videtur
1067 3085 1220 3172 attigisse,
1248 3104 1307 3172 que

143 3192 183 3235 nu
197 3171 225 3236 la
259 3171 382 3271 gravior
411 3171 505 3320 potuit
535 3171 682 3271 pernicies
716 3171 843 3236 civitatis
875 3169 993 3235 Atticae
1014 3171 1153 3269 ‘moribus
1187 3167 1305 3237 affertis

142 3274 238 3405 neque
266 3278 344 3320 emm
371 3254 414 3320 At
435 3276 573 3321 cunenses
603 3264 737 3341 antiquos
764 3263 959 3320 servaverunt
984 3264 1071 3320 etiam
1097 3262 1168 3319 tuuc
1192 3254 1306 3337 modos,

143 3360 177 3405 se
219 3362 268 3405 ars
290 3342 401 3405 musica
420 3341 519 3429 legum
542 3362 649 3429 expers
670 3340 822 3430 multiplici
842 3340 992 3405 modorum
1012 3339 1142 3404 flexione
1163 3347 1194 3404 et
1209 3339 1306 3405 varie·

142 3431 202 3489 tate
222 3426 352 3514 insignis
373 3427 580 3515 impotentique
594 3426 747 3490 exsultans
768 3426 886 3490 levitate
906 3433 1025 3491 teneros
1045 3445 1202 3514 puerorum
1221 3424 1306 3489 iuve-

141 3530 268 3594 numque
289 3512 402 3575 animos
424 3511 577 3576 dulcedine
598 3511 689 3575 movit
708 3518 739 3575 et
759 3510 796 3575 ad
817 3510 967 3575 mollitiem
987 3509 1122 3576 deduxit:
1144 3528 1218 3595 quae
1238 3528 1305 3573 cor-

141 3594 257 3744 ‘ttht
271 3591 1306 3768 tttttttlstthbtsttht{litttststshht

138 3698 363 3850 domesticisque
383 3765 520 3830 vitiosum
541 3776 634 3848 esset,
656 3767 766 3831 acriter
786 3730 902 3830 videtur
921 3763 1153 3854 perstrinxisse,
1174 3764 1305 3829 maxime

136 3869 209 3913 vero
236 3857 411 3935 conquestus
437 3858 500 3932 est,
525 3850 602 3936 quod
627 3871 688 3915 non
713 3851 772 3915 iam
793 3857 826 3914 ut
846 3856 933 3915 antea
978 3849 1053 3914 ictas
1078 3856 1110 3913 et
1133 3846 1245 3936 religio
1270 3846 1304 3913 iu

136 3934 265 3999 omnium
285 3941 457 4000 versaretur
476 3934 599 4018 animis,
629 3935 683 4001 sed
703 3935 780 4022 quod
800 3935 933 4035 improba
970 3934 1078 4000 evitate
1098 3932 1220 3999 deorum
1240 3930 1308 3999 cul·

137 4028 198 4083 tum
231 4019 423 4108 negligerent
447 4020 687 4106 honestatemque
716 4027 748 4084 et
777 4028 940 4087 castitatem
970 4024 1156 4121 spernerent.
1196 4016 1303 4103 Neque

136 4123 209 4168 vero
241 4105 316 4169 satis
342 4104 444 4169 habuit
470 4101 612 4170 Cratinus
642 4105 803 4195 perniciem
833 4125 932 4169 rerum
958 4111 1138 4205 privatarum
1164 4108 1303 4167 wcurute

135 4189 327 4290 exposuisse,
346 4211 449 4255 verum
470 4189 558 4254 etiam
579 4189 778 4279 reipublicae
798 4195 905 4255 statum
926 4188 1035 4277 attigit.
1059 4186 1201 4255 Graviter
1220 4186 1302 4263 enin¹

136 4274 202 4340 tnbt
222 4272 379 4357 Cratinus,
404 4273 481 4362 quod
501 4274 704 4378 Athenienses
730 4272 862 4364 privam·
887 4272 1029 4339 utilitates
1055 4271 1140 4367 srsi
1165 4268 1304 4361 public&
