2760 4792
331 231 390 302 DE
412 228 554 312 nullo,
575 223 763 301 comodo.
784 226 891 303 λΤΤῤ
910 229 1057 308 anolo.
1234 234 1278 300 7⁹

103 402 239 469 Pericles
260 407 357 467 autem
378 423 443 467 cum
464 401 632 468 ostradsmi
651 399 813 551 pericnlum
833 399 964 466 feliciter
982 401 1169 492 superaverit
1187 400 1277 467 'Phu-

104 488 228 576 cydide,
260 482 408 552 Melesiae
435 487 513 569 lilio,
546 486 579 551 hu
605 488 654 551 exi
668 487 727 552 'um
757 487 866 568 eiecto,
903 486 953 571 qui
978 487 1126 575 idipsum
1147 488 1276 551 maxime

104 573 222 637 arimini
242 578 373 636 verterat
393 572 520 654 Pericli,
548 570 624 657 quad
645 571 776 661 pnhlicas
797 592 870 660 opes
891 570 1035 636 aediliciis
1063 572 1188 657 aliisque
1214 590 1276 637 mo·

103 658 253 722 nomentio
282 678 336 721 suo
364 658 486 721 arbitrio
512 657 712 738 insudaret,
754 656 815 720 vid.
841 656 921 721 Plut.
949 656 1000 720 vic
1030 656 1142 722 Pericl.
1171 678 1195 722 c.
1217 656 1274 723 14:

107 747 181 809 Τῶν
201 741 236 806 δὲ
257 745 323 827 περὶ
344 741 405 806 sdo.
415 679 610 824 Θουκυδίδην
620 737 760 826 ῥητόρων
774 733 999 821 καταβοώντων
1019 746 1074 805 τοῦ
1088 743 1276 828 Περικλέους

103 822 147 905 ὥς
169 831 354 902 σπαθῶντος
373 825 413 891 τὰ
433 823 579 914 χρήματα
599 829 650 890 καλ
671 825 727 901 τδις
748 822 921 910 προσόδους
943 823 1133 903 ἀπολλύντος
1152 824 1276 912 η’ριάτη-

103 936 157 978 σεν
177 913 210 978 ἔν
230 912 375 1001 δκκλησίρ
393 909 448 976 τὸν
470 915 582 995 δῆμον,
605 913 631 975 τί
650 908 751 976 πολλὰ
772 913 860 975 δοκεῖ
875 911 1128 992 δεδαπανῆσθαι·
1154 910 1275 998 φησάν-

103 1022 168 1062 των
186 997 222 1061 δὲ
241 992 424 1077 πάμπολλα,
447 997 508 1079 Μή
529 998 648 1075 τοίνυν,
674 993 767 1073 εἶπεν,
797 991 885 1076 δμῖν,
916 991 988 1057 ἀλλ’
1011 998 1080 1077 ίμολ
1101 994 1276 1080 δεδαπανή-

104 1087 177 1148 σθω
197 1084 250 1146 καλ
269 1088 331 1146 τῶν
353 1079 565 1165 ἀναθημάτων
584 1083 667 1146 ἰδίαν
687 1084 824 1162 ἐμαυτοῦ
846 1075 1013 1163 ποιήσομαι
1025 1080 1082 1164 τήν
1093 1079 1274 1169 ἐπιγραφήν.

104 1175 192 1232 acute
217 1187 291 1232 sane
319 1166 460 1232 Cratinus
490 1168 578 1232 finxit
604 1167 754 1233 Periclem
785 1166 889 1231 odeum
922 1164 954 1230 in
982 1167 1077 1256 capite
1097 1175 1274 1256 portantem,

102 1252 272 1338 ostracismi
283 1252 452 1317 discrimine
465 1253 594 1318 feliciter
615 1260 761 1341 superato.
806 1251 945 1316 Tandem
959 1252 1037 1316 enim
1049 1253 1175 1339 perfecit
1185 1252 1274 1317 Peri-

103 1337 183 1420 cles,
211 1344 243 1401 ut
263 1336 352 1402 Thnc
374 1337 473 1419 didos,
502 1338 662 1403 acerrimus
684 1336 846 1402 nobilitatis
867 1357 921 1426 pro
942 1344 1082 1426 agnatos,
1102 1338 1199 1428 patn'a
1220 1338 1273 1402 eii-

103 1430 238 1505 caretur,
257 1422 318 1487 uid.
367 1422 418 1487 lut.
440 1423 515 1488 ihid:
562 1423 659 1499 Τέλος
680 1422 715 1486 δὲ
736 1422 812 1507 πρὸς
832 1419 886 1487 τδν
910 1357 1105 1506 daventriae
1126 1426 1169 1500 είς
1190 1422 1273 1506 ἀγῶ-

101 1530 144 1572 να
165 1510 231 1593 περί
252 1513 308 1571 τοῦ
329 1504 481 1592 ὀστράκου
503 1507 659 1584 καταστάς
679 1509 730 1570 καί
752 1505 1001 1583 διακινδυνεύσας
1012 1508 1124 1573 ίκεῖνον
1132 1508 1190 1589 μέν
1211 1507 1274 1584 lst-

76 1638 80 1644 ·
102 1595 195 1675 βαλε,
216 1593 360 1658 κατέλυσε
381 1593 415 1656 δὲ
436 1593 491 1674 τήν
501 1589 752 1676 ἀντιτεταγμένην
769 1590 834 1658 ἔται
856 1593 929 1656 alar.
1037 1601 1097 1658 tum
1109 1601 1206 1659 autem
1216 1592 1273 1659 hoc

103 1684 151 1742 ost
171 1677 288 1766 lllymp.
310 1677 483 1745 LXXXIV.
506 1678 536 1742 1.
557 1684 589 1740 ut
610 1700 646 1764 ap
667 1685 731 1740 aret
750 1696 790 1741 ex
810 1617 971 1742 Pdntarcho
992 1700 1002 1740 ι
1035 1678 1063 1743 d.
1085 1700 1109 1743 c.
1128 1680 1179 1760 lo,
1223 1679 1273 1765 qui

104 1762 176 1826 dic'it
195 1762 360 1864 quindecim
381 1763 517 1848 integros
539 1778 634 1823 annos
646 1698 785 1906 deinceps
796 1759 944 1825 Periclem
958 1760 1052 1825 solnm
1073 1763 1271 1852 respublicas

102 1847 373 1912 admlumtravisso:
396 1843 490 1908 Μετὰ
503 1843 537 1906 δὲ
547 1843 603 1924 τήν
613 1843 753 1906 Θουκυδί

100 1931 217 2013 κισμδν
238 1929 299 1994 οὒκ
316 1924 432 1993 ἐλάττω
451 1933 514 1992 τῶν
524 1928 734 1992 πεντεκαίδεκα
745 1927 821 1991 ἐτῶν
833 1923 964 2012 διήνεγκε
981 1932 1048 1992 κτλ.
1088 1928 1191 2016 Itaque
1212 1952 1272 1997 non

99 2016 144 2080 ila
166 2014 258 2079 multo
278 2020 350 2115 post*¹
365 2014 443 2078 hunc
464 2034 572 2077 aunum
593 2012 668 2076 haec
690 2010 808 2078 Cratini
828 2012 936 2076 fabula*
951 2012 1036 2077 docta
1056 2033 1124 2078 esse
1144 2015 1272 2098 videtur,

102 2120 189 2186 qnam
213 2101 410 2188 suspicionem
430 2097 480 2162 vel
500 2099 566 2187 ipsa
587 2098 737 2162 orationis¹
758 2098 951 2161 conformatio
981 2098 1013 2162 in
1041 2099 1108 2164 istis
1135 2101 1271 2166 versibus

101 2186 271 2250 confirmat:
294 2190 379 2270 atque
401 2183 503 2248 eodem
525 2184 590 2248 lere
611 2190 743 2272 tempore
762 2181 908 2247 Bendidis
929 2204 1015 2247 sacra
1028 2183 1144 2272 publice
1154 2194 1273 2336 recepta

66 2323 69 2328 .
103 2291 172 2335 esse
204 2269 431 2334 existimandum
464 2274 519 2333 est.
566 2267 706 2333 Pertinet
731 2287 804 2332 vcro
830 2267 887 2335 huc
918 2268 1006 2332 etiam
1026 2271 1181 2336 exordium
1202 2271 1272 2336 liri

101 2353 192 2445 primi
211 2354 407 2419 Platonis-de
428 2354 561 2417 civitate:
602 2351 751 2435 Κατίβην
768 2352 847 2434 χθὲς
867 2355 909 2428 εἷς
929 2355 1064 2438 Πειραιᾶ
1076 2355 1154 2435 μετὰ
1165 2351 1271 2421 nad-

103 2464 201 2516 κωνος
220 2444 276 2503 τοῦ
291 2438 484 2525 Ἀρίστωνος,
509 2433 748 2521 προσευξόμενός
767 2461 800 2501 τε
821 2442 860 2522 τῇ
881 2443 946 2524 θεῷ
967 2442 1017 2502 καὶ
1039 2435 1105 2519 ἅμα
1126 2440 1181 2522 τήν
1202 2439 1272 2528 ἑορ-

102 2523 161 2609 τήν
179 2520 365 2606 βουλόμενος
385 2518 566 2587 θεάσασθαι
586 2524 653 2587 τίνα
672 2519 789 2606 τρόπον
809 2518 1004 2604 ποιήσουσιν,
1037 2521 1090 2587 dire
1110 2530 1165 2589 νῦν
1185 2533 1273 2609 προλ-

101 2633 157 2673 τον
178 2607 310 2693 ι’ίγοντες.
352 2607 446 2691 Καλή
467 2608 523 2689 μὲν
545 2600 599 2672 οὖν
617 2633 673 2688 μοι
694 2611 745 2672 καὶ
765 2603 785 2690 ή
805 2612 868 2672 τῶν
888 2609 1056 2693 ἐπιχωρίων
1072 2608 1181 2693 πομπή
1202 2608 1272 2676 illo-

103 2697 154 2770 ξεν
174 2691 264 2772 eluat,
293 2693 329 2758 od
351 2693 454 2774 μέντοι
475 2689 575 2776 ήττων
596 2693 736 2779 δφαίνιτο
756 2692 897 2779 πρέπειν,
924 2690 962 2776 ήν
984 2693 1013 2757 οἳ
1037 2695 1158 2785 Θρᾷκες
1179 2693 1271 2778 iimp-

102 2803 172 2843 πον.
214 2779 359 2843 Bendidis
386 2780 464 2842 enim
491 2786 561 2844 sunt
585 2800 691 2860 sacra,
727 2799 848 2864 quorum
875 2779 923 2842 hic
950 2779 984 2843 fit
1005 2782 1123 2845 mentio.
1164 2780 1271 2870 Fingit

103 2871 202 2929 autem
223 2865 311 2928 Plato
332 2865 388 2927 hoc
408 2863 582 2948 colloquium
611 2864 775 2928 institutum
802 2885 870 2928 esse
892 2884 927 2927 eo
947 2865 1012 2951 ipso
1033 2873 1179 2954 tempore,
1213 2889 1269 2952 quo

101 2949 230 3039 primum
252 2938 403 3013 Thraciae
425 2949 497 3012 deae
523 2948 579 3013 reli
604 2948 632 3013 ‘o
662 2955 781 3037 recepta
807 2948 855 3013 sit.
899 2947 983 3020 Quod
1004 2949 1031 3013 si
1052 2950 1125 3015 illud
1146 2957 1270 3040 tempus,

124 3050 161 3099 uo
181 3033 271 3098 Plato
291 3034 374 3098 illum
396 3054 561 3098 sermonem
581 2970 614 3097 d¹
640 3033 749 3122 optima
763 3033 807 3097 rei
828 3033 1190 3100 uhhcaelormahahitum
1203 3058 1271 3102 esse

171 3118 204 3201 l,
226 3119 298 3183 satis
321 3126 401 3182 cerlo
421 3116 525 3182 liceret
546 3118 681 3200 definire,
703 3119 790 3184 etiam
807 3055 867 3183 hoc
889 3125 1066 3207 compertum
1083 3120 1270 3203 haberemus,

103 3204 222 3291 quando
248 3203 403 3268 Bendidea
427 3202 553 3291 primum
579 3202 641 3267 sint
660 3201 817 3268 celebrata.
859 3202 981 3268 Alista
1001 3203 1118 3288 qnidem
1138 3206 1271 3290 quaestio

101 3288 240 3380 plurimis
261 3288 503 3389 gravissimisque
518 3287 744 3353 ‘difficultatibus
766 3294 812 3353 est
821 3288 969 3376 impedita.
1016 3289 1193 3356 Platoenim
1206 3314 1270 3358 cum

102 3373 198 3439 nollet
245 3373 440 3462 hdosophiam
462 3373 498 3437 ad
520 3372 693 3461 disciplinae
713 3372 843 3459 artisque
862 3390 995 3437 normam
1016 3373 1173 3462 redigere,
1206 3400 1271 3444 eam

103 3457 199 3547 elegit
219 3395 344 3523 dumam
365 3478 439 3544 qnae
459 3458 643 3547 popularium
662 3458 786 3546 ingenio
807 3457 934 3522 maxime
954 3460 1142 3525 conveniret:
1172 3461 1271 3563 itaque

103 3544 252 3609 sermonis
274 3542 505 3608 vicissitudinem
526 3543 668 3625 iustihdt,
688 3543 881 3628 hominesque
901 3542 982 3630 ipsos
1004 3543 1203 3631 colloquentes
1224 3570 1270 3612 m-

103 3627 199 3695 dnxit.
247 3627 450 3693 Athenienses
472 3628 550 3692 enim
571 3629 631 3693 otio
652 3629 766 3692 urhano
786 3630 921 3693 fruentes
941 3627 1024 3692 nulla
1045 3648 1080 3693 re
1101 3651 1148 3695 ma
1172 3632 1197 3696 's
1219 3633 1271 3698 de·

103 3712 303 3794 loctahantur,
331 3735 417 3800 quam
438 3732 575 3777 sermone
597 3714 695 3795 vario,
723 3723 782 3778 'uo
803 3720 916 3801 tempus
938 3712 1100 3780 laetissime
1120 3653 1270 3800 lahhrent,

104 3814 143 3864 ne
162 3820 201 3864 ue
222 3799 302 3888 fugit
321 3799 377 3862 hoc
396 3796 615 3880 Athenienses,
652 3735 795 3883 siquidem
817 3798 881 3886 ipse
903 3796 990 3862 Plato
1011 3797 1049 3864 de
1070 3797 1173 3890 Legg.
1194 3802 1219 3867 l.
1239 3824 1270 3911 p.

103 3819 167 3950 dih
203 3881 247 3947 E:
293 3882 361 3967 Τήν
387 3880 475 3947 πάλιν
501 3878 633 3958 ἅπαντες
656 3879 745 3965 ήμῶν
763 3879 905 3966 ’Έλληνες
931 3878 1202 3964 ὑπολαμβάνωσιν
1229 3912 1271 3964 ως

106 3964 270 4054 φιλολόγος
290 3968 326 4033 τί
345 3969 408 4032 ἔστι
429 3970 480 4031 καλ
501 3964 685 4050 πολυλάγος·
705 3967 929 4050 Λακεδαίμονα
951 3966 985 4032 δὲ
1005 3971 1056 4031 καλ
1070 3967 1200 4078 Κρήτην
1214 3973 1288 4056 τήν

105 4052 161 4134 μίν
181 4051 387 4139 βραχυλόγον,
408 4051 465 4135 τήν
485 4051 519 4117 di
540 4052 706 4118 πολύνοιαν
725 4049 882 4135 μάλλονή
905 4053 1089 4136 πολυλογίαν
1105 4061 1270 4122 ασκσῦσαν.

106 4134 169 4203 Sed
189 4138 278 4204 Plato
297 4139 375 4204 hanc
395 4138 604 4225 colloquiorum
624 4139 749 4202 formam
776 4137 904 4202 maxima
931 4144 995 4202 arlo
1014 4140 1166 4206 tractant:
1201 4163 1270 4208 nam

108 4228 139 4287 ut
159 4243 257 4288 sermo
279 4224 394 4310 quasia
408 4224 613 4312 praesentibus
633 4222 749 4305 haberi,
769 4243 819 4286 res
841 4221 925 4307 quasi
946 4223 998 4323 agi
1019 4229 1087 4289 ante
1107 4225 1270 4313 legentium

74 4369 77 4374 .
107 4308 207 4375 oculos
228 4307 389 4393 videretur,
411 4315 556 4376 certorum
577 4309 683 4395 ulique
704 4307 853 4375 hominum
868 4326 1005 4396 persoms
1027 4329 1098 4373 usus
1119 4317 1176 4392 est,
1196 4330 1271 4394 quae

772 1867 808 1906 συ
829 1839 995 1907 κατάλυσιν
1016 1847 1067 1908 καλ
1087 1845 1142 1910 τὸν
1162 1847 1272 1932 dorpa-

700 4580 715 4624 λ
