2760 4792
280 235 340 302 DE
360 234 503 311 oculo.
525 234 713 308 comodo.
735 233 843 326 ATT.
866 233 1010 310 ANTIQ.
1161 231 1227 310 ⁴2⁵,

59 405 277 488 ἐπιχειροῦσιν,
303 401 348 468 έτι
374 401 430 484 τὴν
456 397 699 490 ἀνδραποδώδη,
728 412 816 488 φαῖεν
844 400 883 467 όν
904 404 937 467 oi
957 409 1108 487 γυναῖκες,
1137 405 1227 489 τρίχα

59 487 177 570 ἔχοντες
204 490 235 552 έν
256 494 293 574 τῇ
319 495 421 572 ψυχῇ,
448 484 504 551 ὕπ’
529 488 681 569 ἀμουσίας
706 491 756 551 καί
787 485 872 551 οόπω
898 486 1156 570 ἀποβεβληκότες,
1184 487 1228 553 έτι

58 574 305 658 βαρβαρίζοντες,
327 570 496 655 ἐληλύθασι
518 570 730 648 κολακεύοντες
749 573 805 653 τὴν
826 570 1014 650 πόλιν,’άλλ’
1036 571 1093 637 οὐκ
1114 571 1228 653 ἄρξαν-

58 683 117 735 τες.
155 679 194 722 ex
213 679 275 806 1pue
306 659 368 724 loco
398 658 487 723 facile
512 657 724 744 intelligimus,
754 678 810 742 quo
836 658 957 745 ingenio
985 658 1076 722 luerit
1099 658 1227 739 Μίδαις

59 743 193 830 respexit
241 743 348 807 latouis
376 742 467 806 locum
491 741 663 806 Athenaeus
689 741 742 806 XI.
764 764 793 831 p.
814 743 878 808 506
899 741 946 823 D,
976 743 1025 827 qui
1052 763 1112 806 nou
1139 741 1228 826 όρτυ·

58 824 227 911 γοτρόφον,
249 828 302 892 sed
325 823 530 909 ὀρτυγοκόπον
550 827 582 889 in
603 825 732 890 Platone
752 826 865 914 legisse
885 826 1018 890 videtur:
1040 836 1070 890 et
1090 827 1145 891 boc
1166 829 1229 914 qui-

60 912 125 977 dem
147 912 266 1011 nomine
287 913 459 1013 saepissime
479 917 596 975 notatus
619 917 665 976 est
689 912 747 975 iste
767 911 895 976 homoa
915 911 1034 976 cornicis
1055 913 1166 1000 poetis,
1197 920 1230 978 ut

60 997 98 1061 ab
118 995 319 1084 Aristophane
340 1019 371 1062 rn
392 996 505 1062 Avibus
527 1017 555 1059 v.
572 995 672 1059 1297:

489 1080 623 1152 Μειδίας
644 1078 675 1143 δ’
700 1078 763 1142 ἐκεῖ

137 1160 252 1249 Ὄρτυξ
273 1165 422 1228 έκαλεῖτο·
450 1166 501 1227 καλ
527 1164 585 1248 γὰρ
607 1154 677 1248 ᾗκεν
697 1159 800 1246 όρτυγι

140 1243 219 1312 ‘Yazd
240 1247 438 1335 στυφοκόπου
459 1247 515 1331 τὴν
540 1247 676 1333 κεφαλὴν
696 1248 904 1335 πεπληγμένῳ.

60 1332 111 1400 ubi
132 1331 300 1398 Scholiasta
327 1335 399 1398 haec
425 1334 556 1418 quamvis
584 1333 658 1397 satis
685 1333 855 1421 perturbata
882 1332 1047 1398 adnotavit:
1090 1333 1231 1413 Δίδυμος

62 1415 176 1493 οὕτως·
209 1415 279 1482 ὅδ’
301 1415 482 1499 Ἀμμώνιος
504 1416 595 1503 ᾠήθη
616 1419 649 1492 ἐξ
670 1417 814 1481 έπιθέτου
835 1415 1106 1523 Μειδίανὶόρτνγα
1128 1421 1230 1481 καλεῖ·
1349 1469 1353 1478 .

61 1508 139 1566 σθαι
160 1505 282 1587 γελοίως
303 1502 354 1566 διά
376 1503 411 1565 τὸ
433 1500 581 1581 κυβευτὴν
602 1498 676 1564 εἶναι
698 1505 749 1564 καί
772 1504 803 1566 έν
824 1508 913 1589 πυρῷ
933 1527 1006 1577 τους
1028 1499 1159 1586 ὄρτυγας
1179 1501 1231 1567 nd·

61 1611 161 1669 πτειν,
189 1583 286 1662 οότως
313 1585 406 1649 αὐτόν
433 1593 487 1648 νῦν
504 1582 738 1670 Ἀριστοφάνης
765 1597 923 1668 προσεῖπε·
966 1589 1059 1670 δηλοί
1082 1589 1116 1650 δέ
1139 1592 1231 1654 τοῦτο

58 1667 294 1756 Ἀριστοφάνης
314 1673 482 1753 Περιαγγεΐ
499 1666 648 1751 (Πλάτων
669 1671 701 1732 έν
721 1672 919 1756 Περιαλγεῖ)·

147 1753 295 1838 Χρηστόν
315 1753 358 1834 μὴ
379 1753 459 1817 κατὰ
480 1755 616 1818 Μειδίαν
637 1752 853 1835 ὀρτυγοκόπον.

64 1838 180 1919 (eodem
193 1838 278 1903 modo
289 1837 367 1903 hunc
379 1859 496 1902 versum
509 1839 579 1902 citat
590 1836 757 1903 Scholiasta
766 1837 896 1903 Luciani
906 1839 1131 1928 Iov.Tragoed.
1144 1863 1169 1905 ο.
1178 1840 1232 1919 48,

64 1923 250 1988 scribendum
272 1930 367 1987 autem
380 1923 506 2004 videtur,
524 1919 692 2005 χρηστόν
712 1946 766 2006 γε,
786 1923 830 2006 μὴ
852 1922 930 1987 κατὰ
941 1926 991 1988 Μ.
1005 1923 1052 2007 ὀρ.
1073 1925 1232 1992 hominem

60 2010 200 2088 γινοόυνιι
232 2031 339 2090 meque
370 2012 502 2070 Midiae
531 2009 697 2090 similem).
738 2008 834 2091 Λέγει
867 2009 901 2071 δέ
919 2010 972 2088 έν,
989 2012 1182 2093 Ποαστρίαις
1214 2008 1231 2076 ὅ

63 2090 158 2166 αὐτὸς
180 2093 312 2177 (corrige
333 2087 350 2155 d
375 2087 541 2176 Φρύνιχος)
570 2089 613 2166 ὡς
640 2093 691 2155 καλ
719 2095 785 2174 περὶ
808 2090 973 2172 άλίκτορας
1002 2092 1099 2158 αὐτοῦ
1121 2096 1233 2159 donov-

64 2174 203 2251 δακότος.
247 2172 455 2254 Διαβάλλεται
483 2177 517 2240 δέ
538 2175 580 2252 είς
605 2200 637 2240 τε
659 2178 820 2258 πονηρίαν,
852 2173 894 2253 ὡς
914 2174 1048 2242 Πλάτων
1069 2181 1102 2242 έν
1122 2183 1233 2256 Νίκαις

64 2297 107 2310 -
128 2257 259 2341 κόβαλός
279 2284 311 2324 τε
332 2258 407 2324 εἶναι
429 2260 544 2345 ἐλέγετο
565 2262 617 2325 καλ
639 2258 854 2342 πτωχαλαζάν,
876 2258 918 2339 ὡς
935 2260 1088 2349 Φρύνιχος
1108 2264 1233 2329 ένἘπι-

64 2345 153 2431 άλτη.
182 2345 294 2415 Verum
314 2345 383 2410 uolo
404 2347 478 2410 haec
498 2346 662 2410 accuratius
683 2356 873 2433 pertractare.

73 2506 75 2511 ¹
150 2480 366 2558 Νὲοομδοιττίι
393 2500 433 2543 ex
459 2477 615 2543 Sireuibus
641 2500 759 2543 versum
810 2479 904 2544 rofert
931 2481 1103 2546 Athenaeus
1130 2483 1184 2549 IX.
1204 2506 1233 2573 p.

66 2565 131 2630 368
143 2563 181 2646 Β,
202 2575 234 2628 ut
256 2564 358 2629 doceat
377 2563 685 2644 νοτδααιπαροψίδος
707 2584 767 2627 non
790 2500 827 2627 de
848 2585 920 2628 vase
942 2564 1047 2644 solum,
1071 2567 1124 2633 sed
1145 2570 1235 2634 etiam

67 2649 104 2714 de
126 2649 198 2713 cibis
220 2648 374 2734 exquisitis
396 2654 425 2712 ot
446 2646 578 2711 delicatis
600 2646 676 2711 dici:
697 2652 846 2732 Νικοφῶν
867 2650 1022 2735 Σειρῆσιν·

144 2731 252 2808 Ἄλλος
271 2731 422 2814 μαχέσθω
443 2733 509 2813 περλ
532 2733 623 2815 ἕδρας
644 2734 808 2815 παροψίδι.

67 2816 132 2891 Quo
153 2819 294 2883 inversu
316 2818 342 2881 si
363 2818 512 2904 integrum
534 2825 615 2880 esset
633 2838 795 2905 pronomen
808 2814 911 2894 ἄλλος,
933 2839 994 2882 nou
1014 2839 1118 2907 posses
1130 2817 1235 2884 diiudi-

68 2923 147 2982 care,
169 2923 224 2988 quo
237 2923 326 2966 sensu
340 2901 413 2966 illud
432 2901 605 2966 vocabulum
620 2908 708 2989 poeta
728 2903 945 2990 usurpavisset3
968 2904 1048 2988 atqui
1068 2915 1166 2968 cetera
1181 2926 1235 2969 cu·

68 2986 174 3074 empla,
196 2988 299 3072 quibus
312 2985 485 3053 Athenaeus
501 2985 539 3051 ad
553 2986 631 3049 hauc
644 2985 724 3050 illius
742 2987 876 3051 vocabuli
898 2988 1045 3052 notionem
1055 2989 1236 3076 probandam

67 3070 176 3152 utitur,
199 3073 272 3135 satis
294 3079 374 3136 certa
395 3077 464 3136 sunt
484 3077 514 3133 et
534 3070 699 3160 perspicua.
725 3069 837 3138 Verum
857 3071 1014 3161 Nicophon
1034 3073 1208 3164 scripserat:

147 3169 278 3247 Ἀλλᾶς
298 3169 449 3254 μαχέσθω
469 3173 538 3256 περλ
560 3171 650 3255 έδρας
668 3173 830 3257 παροψίδι.
1224 3185 1230 3192 “

69 3269 188 3337 Censeo
211 3281 305 3337 autem
326 3271 405 3336 huuc
426 3292 543 3335 versum
565 3270 800 3358 subiungendum
822 3293 889 3337 esso
910 3280 1034 3358 quatuor
1055 3273 1142 3357 aliis,
1164 3295 1236 3360 quos
1325 3281 1330 3293 '

69 3376 109 3420 ex
137 3357 239 3421 eadem
265 3358 321 3420 bac
347 3355 449 3421 labula
476 3355 633 3443 adscripsit
658 3355 831 3420 Athenaeus
852 3356 905 3425 Vl.
925 3380 954 3446 p.
975 3359 1039 3423 269
1059 3356 1103 3439 E,
1132 3361 1236 3445 quibus

69 3447 156 3528 poeta
182 3440 279 3529 lepide
300 3440 388 3504 linxit
401 3445 538 3505 aetatem
560 3460 698 3547 auream7
725 3440 818 3525 qualis
839 3442 964 3529 pristino
985 3443 1075 3507 luerit
1095 3450 1237 3532 tempore,
1261 3478 1262 3482 =

69 3525 230 3589 redituram
251 3546 331 3588 csse:
360 3522 564 3587 Καταπαόσω
584 3521 638 3588 τόν
658 3528 764 3606 λογον,
790 3525 895 3610 μακρδ
921 3527 1036 3613 χαίρειν
1056 3526 1148 3593 cinola
1168 3537 1236 3606 ταῖς

69 3613 272 3696 Νικοφῶντος
292 3611 449 3693 Σειρῆσιν,
476 3609 508 3672 έν
528 3603 578 3684 αἷς
598 3604 668 3672 τόδε
693 3609 877 3693 γέγραπται·

474 3693 602 3778 Νιφέτω
621 3692 677 3773 μίν
698 3692 847 3777 ἀλφίτοις,

160 3777 326 3855 Ψακαζέτω
347 3775 379 3842 δ’
397 3773 548 3860 άρτοισιν,
569 3773 649 3840 ὑέτω
670 3774 699 3839 δ’
723 3775 808 3854 έτνει,

154 3860 266 3942 Ζωμδς
288 3860 339 3924 διά
367 3867 428 3925 τῶν
449 3857 530 3925 ὁδῶν
551 3861 724 3926 κυλινδείτω
745 3863 829 3949 κρέα,

154 3948 303 4022 Πλακοῦς
324 3943 433 4010 ἑαυτὸν
446 3946 559 4009 έσθίτιν
579 3945 730 4023 κελευέτω,
763 3992 765 3995 -

150 4027 259 4106 Ἀλλᾶς
279 4031 429 4114 μαχέσθω
450 4032 516 4114 περὶ
538 4031 629 4116 ἕδρας
650 4030 811 4114 παροψίδι.

71 4115 843 4265 ttltbttthlttffltt‘ttotfflttttl
863 4115 990 4264 bill
1006 4115 1239 4267 ttthtltu

71 4285 189 4351 restitui
214 4285 333 4360 ἀλλᾶςτ
376 4285 420 4350 sic
446 4248 602 4351 sarcineina
627 4285 661 4350 iu
687 4221 836 4351 simillidm
862 4221 1015 4367 lelicitatis
1042 4221 1238 4376 descriptione
