2768 4770
246 201 304 266 DE
326 202 467 278 nsum.
490 201 677 270 COMOED.
696 203 802 269 ATT.
824 205 968 280 ANTlQ.
1119 193 1183 273 237

84 381 112 468 *p
121 392 153 433 τε
166 372 216 435 νία
238 375 287 435 καὶ
300 370 467 457 Δηιάνειρα
480 374 528 434 καί
546 366 722 456 πάλινἭρα
736 368 1006 457 προσαγορεύεται·
1028 375 1182 461 Πρατίνας

93 469 229 540 αντικρυς
261 457 422 538 παλλακὴν
451 455 546 537 αὐτὴν
579 457 695 537 εἴρηκεν
721 460 753 520 ἐν
788 457 915 532 τούτοις.
953 457 1053 542 Ἥραν
1084 460 1120 524 τί
1151 461 1179 523 oi

84 544 199 606 ῐπαοίαν
226 543 318 606 τίκτει
344 544 394 604 καί
426 539 676 624 καταπυγοσύνην
705 542 863 624 παλλακὴν
893 540 1062 606 κννῶπιδαε
1106 566 1179 628 quac

84 627 142 704 pter
159 649 345 691 numerorum
367 634 396 690 et
417 627 583 712 argumenti
596 626 814 695 similitudinem
829 629 1019 715 probabiliter
1040 629 1178 692 coniicias

91 703 260 776 Chironibus
285 713 377 799 petita
401 732 487 775 esse:
515 710 545 774 id
573 712 756 794 quodetiam
779 713 918 775 antealii
948 712 1080 776 homines
1102 714 1177 777 docti

84 805 250 882 spexerunt:
278 797 399 883 respicit
419 788 513 859 eute‘m
535 788 595 861 ,hos
622 798 703 883 ipsos
724 817 844 877 versus,
867 805 897 859 ut
918 797 1062 877 arbitror,
1088 798 1177 862 etiam

87 881 186 944 oliasta
206 881 341 944 Platonis
363 880 398 943 ad
420 880 620 965 Menexenum
642 903 670 968 p.
695 881 756 944 139
777 881 822 944 ed.
843 880 982 944 Ruhnk.:
1012 879 1176 946 Ἀσπασία

92 965 241 1048 Περικλία
264 968 444 1048 δημηγορεῖν
466 962 695 1046 παρεσκεύασεν,
718 961 759 1039 ῶς
773 966 921 1045 Αἰσχίνης
944 960 959 1027 ό
982 965 1177 1049 Σωκρατικὸς

84 1046 214 1136 διαλόγῳ·
230 1051 353 1138 Καλλίᾳ
380 1053 431 1131 καὶ
456 1047 601 1112 Πλάτων
618 1046 729 1128 ὁμοίως
750 1051 932 1129 Πεδιηταῖς;
962 1052 1117 1131 Κρατῖνος
1143 1052 1177 1114 δὲ

84 1134 158 1218 ράλῃ
184 1131 332 1216 τύραννον
364 1134 459 1214 αὐτὴν
488 1140 577 1196 καλεῖ
599 1136 734 1216 Χείρων·
768 1132 901 1208 Εἰίπολις
931 1135 1049 1208 Φίλοις·
1083 1137 1115 1198 ἓν
1143 1135 1176 1198 δί

86 1221 245 1293 σπαλτίοις
259 1220 382 1299 Ἑλένην
404 1218 500 1300 αὐτὴν
520 1223 617 1281 καλεῖ·
640 1217 655 1282 ὁ
679 1219 712 1281 δί
724 1220 877 1300 Κρατῖνος
898 1220 948 1280 καί
963 1215 1079 1300 Ἦραν,
1101 1218 1175 1295 ἴσως

84 1306 138 1367 καλ
159 1306 312 1387 Περικλῶς
330 1301 497 1383 Ὀλύμπιος
526 1302 775 1386 προσηγορεύετο.
819 1303 895 1366 Sunt
921 1324 993 1365 sane
1025 1305 1098 1367 haec
1124 1304 1175 1367 ad-

84 1411 130 1452 um
151 1388 318 1477 depravata.
361 1387 401 1451 Et
440 1390 542 1451 rimum
565 1389 678 1472 quidem
700 1388 775 1472 quod
798 1388 1004 1474 grmmnah'cus
1031 1388 1082 1452 ille
1105 1387 1175 1451 dicit

84 1474 192 1536 :hinem
214 1474 246 1536 in
268 1472 385 1560 dialogo
427 1474 497 1536 allia
518 1473 554 1536 de
570 1473 710 1560 Aspasia,
731 1480 866 1556 tanquam
881 1471 1009 1535 Periclis
1031 1472 1174 1559 magistra

84 1579 139 1620 zum
162 1579 244 1638 esse,
271 1578 329 1620 non
358 1559 461 1636 credo,
491 1578 660 1640 quamquam
681 1556 736 1619 boc
758 1558 875 1619 nomine
900 1556 992 1620 edidit
1013 1556 1173 1644 dialogum,

91 1639 202 1705 Athen.
223 1641 260 1708 V.
276 1665 309 1751 p.
332 1645 409 1705 220:
440 1640 478 1704 ‘0
501 1642 534 1702 δί
556 1643 694 1714 Καλλίας
722 1639 817 1702 αύτοῦ
840 1643 1017 1723 (Αἰσχίνου)
1047 1641 1172 1724 περιίχει

93 1731 151 1790 τού
179 1728 317 1789 Καλλιου
345 1726 421 1807 πρὸς
447 1724 500 1787 τὸν
528 1725 645 1805 πατέρα
673 1722 827 1806 διαφοραῖν
853 1727 903 1786 καί
930 1725 987 1805 τὴν
1012 1728 1172 1805 Προδίκου

84 1808 302 1894 Ἀναξαγόρου
330 1817 390 1872 τῶν
417 1815 573 1893 σοφιστῶν
604 1806 801 1888 διαμώκησιν.
846 1819 875 1870 et
901 1828 974 1891 quae
1002 1808 1108 1873 deinde
1135 1810 1172 1879 de

84 1905 185 1961 mento
208 1897 291 1958 buius
314 1895 424 1980 dialogi
447 1894 582 1980 exponit,
612 1914 650 1955 ex
678 1891 778 1955 eodem
805 1913 941 1954 sermone
966 1893 1095 1957 sortasse
1120 1894 1172 1958 illa

98 1983 200 2067 petita,
221 2001 293 2063 quae
316 1981 435 2042 exhibet
450 1978 626 2042 Plutarchus
648 1977 679 2039 in
700 1978 762 2039 vita
783 1976 924 2039 Aristidis
947 1998 971 2040 c.
993 1979 1035 2042 ‘25
1056 1990 1086 2041 et
1106 2001 1171 2042 rur-

84 2065 187 2152 opinor
208 2086 232 2127 c.
254 2066 288 2128 5:
310 2065 426 2127 videtur
446 2064 522 2126 enim
540 2062 707 2125 Aeschines
728 2083 892 2125 sermonem
914 2060 1060 2126 aCalliae
1080 2064 1171 2127 maio-

84 2172 90 2213 ι
110 2170 236 2212 exorsus
255 2170 337 2225 esse,
360 2149 411 2212 sed
425 2148 572 2236 Aspasiae
593 2146 690 2209 nullus
711 2146 752 2208 ibi
775 2147 890 2209 videtur
909 2145 989 2209 locus
1013 2167 1169 2213 concessus

84 2255 111 2298 e.
136 2233 208 2296 Eius
220 2254 291 2296 vero
313 2235 367 2313 rei,
390 2254 472 2317 quam
487 2233 624 2296 Platonis
635 2231 801 2295 Scholiasta
821 2239 972 2312 memorat,
994 2233 1168 2304 mentionem

98 2316 286 2398 Aeschines,
308 2326 339 2380 ut
360 2327 586 2381 consentaneum
608 2323 669 2397 est,
690 2317 722 2405 in
735 2316 890 2403 Aspasia:
913 2337 995 2422 spuem
1019 2316 1167 2404 dialogum

84 2410 212 2466 nembrot
231 2401 403 2466 Athenaeus
424 2403 545 2466 ibidem:
565 2400 614 2463 Ἕν
635 2403 668 2464 δὲ
688 2405 726 2485 τῇ
746 2400 906 2487 Ἀσπασίᾳ
930 2397 1093 2464 Ιππόνικον
1113 2403 1169 2481 μὲν

84 2489 209 2550 Γ(αλλίου
232 2483 380 2565 κοάλεμον
395 2482 625 2571 προσαγορεύει·
647 2485 702 2558 τὰς
718 2484 748 2545 δ’
768 2486 801 2548 ἐκ
822 2490 876 2564 τῆς
890 2487 1008 2567 Ἰωνίας
1023 2496 1168 2568 γυναῖκας

84 2568 182 2654 η’βδην
201 2568 352 2652 μοιχάδας
372 2574 421 2632 καί
444 2569 616 2654 κερδαλίας.
648 2568 783 2633 Eundem
805 2570 953 2656 dialogum
975 2571 1045 2634 dicit
1064 2571 1168 2635 Philu-

84 2677 116 2720 us
142 2679 170 2744 p.
192 2658 256 2722 920
286 2656 331 2719 ed.
354 2655 457 2719 Olearz
492 2657 554 2718 Καὶ
581 2656 730 2735 Αἰσχίνης
756 2652 804 2730 δί,
839 2651 855 2717 ὃ
884 2653 945 2718 οἰπδ
973 2652 1166 2738 Σωκράτους,

103 2730 140 2804 ού
163 2740 267 2823 πρῶην
287 2737 483 2815 ἐσπούδαζες,
511 2736 553 2815 ῶς
575 2739 630 2803 ούκ
652 2740 778 2824 άφανῶς
800 2739 871 2814 τούς
892 2739 1052 2822 διαλόγους
1073 2740 1165 2804 κολά-
1215 2735 1227 2745 i

84 2851 123 2902 ις,
157 2824 212 2888 οὐκ
245 2823 328 2888 ῶκνει
360 2822 526 2906 γοργιάζειν
552 2827 583 2888 ἰν
611 2831 654 2909 τῷ
682 2828 747 2906 περί
776 2831 830 2904 τῆς
858 2826 1037 2910 Θαργηλίας
1068 2823 1163 2910 λόγῳ·

101 2907 159 2992 γάρ
182 2935 241 2972 που
263 2900 335 2973 aide·
369 2911 529 2993 Θαργηλία
557 2912 692 2973 ἐλθοῦσα
715 2913 756 2982 εἰς
780 2911 948 2972 Θετταλίαν
976 2913 1066 2990 ’ξυνῆν
1082 2909 1170 3001 'Aa-⁸

84 3019 94 3056 ν
121 2993 264 3079 Θεττάλην
284 2992 475 3074 βασιλεύοντι
498 2990 617 3057 πάντων
638 3000 699 3057 τῶν
723 2995 894 3056 Θετταλῶν.
933 2995 974 3083 Et
996 2995 1164 3080 Harpocra-

85 3128 92 3143 .
115 3082 172 3144 37:
192 3079 354 3141 Ἀσπασία·
376 3081 500 3153 Λυσίας
522 3082 554 3142 ἐν
574 3086 617 3165 τῶ
641 3079 718 3163 πρὸς
728 3079 879 3158 Αἰσχίνην
899 3078 952 3141 τὸν
967 3078 1163 3160 Σωκρατικόν

84 3160 212 3246 γόμενος
240 3165 471 3248 ἰπιγραφομίνῳ
492 3163 659 3251 Ἀσπασίᾳ·
686 3160 909 3243 μνημονεύουσι
938 3161 969 3225 δ’
995 3162 1090 3244 αὐτῆς
1111 3166 1161 3226 καί

84 3247 146 3323 άκις
168 3250 195 3312 οἱ
218 3246 303 3311 ἰίλλοι
322 3250 520 3330 Σωκρατικοί.
548 3248 591 3313 At
612 3249 685 3311 baec
706 3269 818 3332 quoqne
840 3248 972 3334 graviter
992 3248 1162 3335 depravata,

101 3332 262 3420 Menagius
285 3334 418 3420 scripsit:
441 3334 566 3407 Λυσίας
588 3336 619 3397 ἓν
640 3339 682 3416 τῷ
706 3331 780 3414 πρὸς
801 3335 897 3413 Αἰσχ.
919 3355 946 3394 τ.
974 3333 1009 3394 Σ.
1033 3335 1161 3396 καίΑἰ-

84 3444 136 3500 ἠς
158 3415 431 3500 όΣωκρατικδς
453 3421 490 3482 ἰν
506 3424 554 3502 τῷ
577 3413 739 3502 διαλόγῳ
762 3415 1098 3503 ἐπιγρἈσπασίρι
1121 3441 1160 3483 ex

84 3525 102 3567 n
123 3503 240 3589 dialogo
263 3507 352 3591 petita
373 3509 452 3583 sunt,
473 3510 505 3566 ut
520 3503 644 3583 videtur,
666 3523 739 3586 quae
752 3500 817 3564 Har
837 3501 946 3565 ocretio
965 3501 1001 3565 de
1014 3502 1059 3566 As
1071 3504 1160 3567 lasiae
1232 3568 1237 3577 ,

91 3587 209 3674 Lyside
242 3588 451 3651 consuetudine
481 3587 582 3652 affort:
616 3589 672 3650 huc
701 3586 775 3649 adde
829 3586 951 3651 lutarch.
978 3587 1029 3651 vit.
1049 3525 1159 3653 l'ericl.

83 3673 105 3752 ἐς
133 3672 170 3736 ad
197 3672 319 3735 eundem
348 3672 496 3757 dialogum
526 3673 624 3736 relero
652 3669 727 3756 quod
754 3677 801 3734 est
826 3670 902 3758 apud
927 3670 1080 3736 Plutarch.
1108 3673 1158 3736 vit.

84 3756 107 3820 d.
129 3779 153 3820 c.
175 3758 231 3822 32:
262 3754 443 3819 Ἀσπασίαν
468 3757 523 3836 μὲν
550 3749 604 3819 οὖν
631 3754 812 3840 ἰξητήσατο,
845 3754 942 3818 πολλὰ
969 3754 1049 3819 πάνυ
1072 3757 1158 3839 παρά

84 3841 182 3922 δίκην,
216 3837 257 3915 ῶς
285 3843 434 3922 Αἰσχίνης
462 3843 569 3924 φησίν,
614 3839 701 3924 άφείς
727 3835 803 3923 ’ύπίρ
832 3839 927 3919 αύτῆς
956 3840 1074 3922 δάκρυα
1106 3844 1156 3904 καί

84 3928 117 4003 εἰς
143 3931 204 3988 τῶν
231 3927 391 3988 δικαστῶν.
433 3924 559 3992 Videtur
586 3934 679 3989 autem
703 3923 868 3989 Aeschines
894 3923 1046 3990 Socratem
1072 3926 1158 3990 indu·

84 4063 88 4090 ‚
111 4012 160 4095 qui
180 4009 328 4098 Aspasiae
349 4011 500 4096 ingenium
523 4017 552 4074 et
573 4030 668 4072 moros
690 4017 823 4073 accurate
845 4010 1037 4091 describeret,
1059 4012 1157 4095 itaque

82 4097 254 4161 ratissimum
275 4116 392 4174 revoco,
415 4095 488 4179 quod
511 4102 556 4158 est
577 4094 652 4182 apud
671 4092 844 4159 Ciceronem
866 4093 902 4159 de
921 4095 1034 4159 invent.
1055 4096 1079 4160 1.
1098 4096 1155 4159 31:

84 4194 95 4244 t
121 4187 216 4259 αμυιί
233 4185 437 4246 Socraticam
458 4179 652 4242 Aeschinem
680 4185 875 4242 demonstrat
901 4184 1055 4243 Saea-alec
1083 4204 1156 4243 σεται

84 4267 224 4345 ‚phontis
246 4291 354 4331 rexere
383 4278 415 4331 et
440 4287 512 4334 ομκι
540 4273 612 4342 ipso
634 4263 847 4342 Xenophonte
863 4265 1043 4343 Asperiora
1065 4272 1153 4329 loeu-
