2760 4792
338 243 398 311 DE
418 240 772 321 anelo'coolosn.
796 243 911 313 m·
926 245 1072 324 saulo.
1236 251 1300 319 ild

66 438 70 446 ·
126 421 236 494 maret,
264 404 343 477 unde
367 410 583 496 γραμματικὴν
609 412 784 503 τραγῳδίαν
810 413 984 502 appellavit,
1016 435 1102 500 quam
1122 413 1298 482 Athenaeus

126 516 145 560 o
165 496 225 560 eris
245 496 426 585 propositum
456 497 620 585 respiciens
643 497 702 563 alio
722 498 787 563 loco
808 497 1026 583 γραμματικὴν
1046 501 1182 585 θεωρίαι
1201 509 1299 568 vocat.

201 601 258 666 quo
271 581 411 646 maiorem
427 581 600 670 dignitatem
622 582 747 647 haberet
766 603 845 647 nova
865 584 940 648 haec
959 604 1010 649 res
1033 592 1064 648 et
1084 607 1103 651 a
1144 587 1223 651 oesis
1244 608 1299 652 na·

124 670 193 729 tura
218 685 304 750 quam
330 666 458 730 maxime
484 661 666 748 ahllbrrens,
697 667 797 732 multis
823 669 979 733 verborum
1006 607 1179 756 ambagilus
1210 691 1299 736 orna·

123 750 291 835 mentisque
312 772 383 815 usus
405 751 493 816 etiam
514 773 551 816 cs
571 772 647 837 quae
658 758 745 817 erant
754 752 907 817 levissima
918 752 1072 819 admodum
1088 757 1297 842 exaggeravit.

123 833 230 920 Neque
249 856 357 899 vanum
377 835 435 899 fuit
454 843 505 900 aut
524 837 639 901 irritum
654 834 770 901 Calliae
792 859 877 902 exem
898 837 968 902 lum.
993 836 1196 905 Athenienses
1218 841 1298 907 enirn

123 938 183 1003 qua
203 927 289 983 eraut
309 920 399 984 animi
421 920 573 986 alacritate
594 927 690 1006 etque,
711 929 744 986 ut
762 929 843 986 recte
896 944 978 1003 cam,
998 921 1136 1005 levitate,
1158 924 1297 1024 quidquid

122 1003 264 1069 novitatis
285 1005 384 1092 specie
395 1006 662 1088 commendabatur,
682 1006 712 1071 id
724 1007 853 1072 maxime
868 1006 1102 1090 admirabantur,
1123 1007 1154 1072 id
1165 1010 1298 1075 studiose

123 1090 338 1173 sequebantur,
359 1087 391 1153 id
409 1090 620 1177 praeferebant
639 1092 746 1156 ceteris
774 1092 919 1157 omnihus.
960 1091 1063 1177 ltaque
1093 1113 1154 1157 nou
1180 1094 1296 1177 mirum,

142 1172 202 1239 uod
226 1173 315 1240 tradit
336 1172 526 1258 Athenaeus,
546 1173 721 1264 Euripidem
741 1176 778 1241 ad
801 1174 917 1255 Calliae
942 1176 1023 1243 illius
1050 1185 1208 1266 praecepte
1227 1177 1297 1244 Me·

121 1192 209 1409 lev
230 1258 1070 1432 οοοοοιιοοοιοιιιιιιοοα
1087 1261 1296 1413 itemtldv

118 1424 238 1491 ratione
262 1431 435 1493 novavisse:
462 1451 531 1494 nam
557 1430 634 1516 quod
655 1429 830 1497 Athenaeus
858 1431 929 1495 dicit
949 1429 1121 1521 Euripidem
1143 1431 1199 1515 τὴν
1226 1427 1295 1496 διοί-

118 1514 210 1575 eece
233 1511 304 1578 inde
329 1513 488 1594 hausisse,
514 1514 590 1580 illud
615 1514 653 1579 de
679 1516 837 1580 verborum
864 1516 1073 1604 compositione
1094 1517 1295 1603 orationisque

117 1596 351 1662 conformatione
372 1599 581 1687 explicandum
599 1608 685 1687 puto:
705 1600 768 1665 vid.
788 1599 986 1688 Hurpocratio
1006 1623 1035 1690 p.
1057 1600 1111 1683 57,
1133 1603 1189 1670 15:
1211 1601 1295 1667 Διά-

116 1683 208 1756 teca
227 1716 269 1730 -
290 1685 342 1746 καὶ
364 1682 430 1746 dccl
452 1687 508 1745 τοῦ
530 1683 732 1765 διοίκησις-
756 1681 911 1768 Φρύνιχος
931 1686 1128 1770 Τραγῳδοῖς·
1152 1691 1202 1771 Τῇ
1223 1689 1294 1751 διοι-

115 1762 205 1830 etue
230 1769 293 1829 τῶν
318 1769 400 1830 ἐπῶν
422 1767 518 1851 φησί·
553 1768 604 1845 καὶ
630 1764 666 1831 vd
693 1763 778 1850 ῥῆμα
805 1767 976 1832 διαθέσθαι
1002 1771 1139 1851 λέγουσιν
1166 1773 1215 1837 lut
1236 1777 1292 1836 τοῦ

61 1922 66 1928 ,
116 1850 282 1932 διοικῆσαι.
325 1849 388 1915 Sed
409 1851 574 1914 accuratius
592 1844 753 1935 quaerere,
774 1857 921 1935 quatenus.
938 1850 1101 1940 Sophocles
1123 1860 1154 1919 et
1173 1854 1293 1956 Euripi-

115 1932 169 2000 des
193 1934 313 2000 inistis
342 1934 450 1998 fabulis
467 1933 582 2000 Calliae
597 1942 760 2024 praecepta
781 1936 875 2000 secuti
900 1935 1030 2019 fuerint,
1056 1958 1119 2001 non
1139 1946 1185 2003 est
1205 1940 1292 2006 huius

115 2017 260 2099 instituti3
284 2018 442 2118 adiungam
461 2019 601 2084 veroduo
623 2018 683 2084 alia
703 2020 841 2122 exempla
851 2041 891 2085 ex
902 2022 1097 2086 monumentis
1119 2025 1292 2109 tragoediae

114 2102 236 2169 Atticae
251 2104 358 2203 petita,
378 2125 411 2167 un
433 2104 537 2189 quibus
552 2099 713 2169 manifesta
731 2104 862 2207 vesmgia
881 2105 962 2171 illius
984 2108 1204 2173 consuetudinis
1227 2110 1292 2174 ani·

114 2188 343 2269 madvertrmus,
369 2210 426 2274 qua
446 2189 496 2253 vel
516 2189 684 2254 levissimas
705 2210 755 2254 res
777 2191 963 2276 abrectesque
983 2191 1084 2259 multis
1106 2200 1137 2257 et
1157 2195 1292 2261 obscuris

113 2273 273 2337 verborum
294 2274 468 2362 amhagibus
488 2273 697 2356 involvebant,
719 2281 752 2338 ut
772 2276 918 2341 sermonis
938 2275 991 2341 illa
1009 2277 1171 2343 insolentia
1191 2278 1292 2367 digni·

113 2362 205 2427 tatem
234 2359 380 2443 quandam
407 2360 497 2424 rebus
528 2359 710 2424 conciliaret
752 2359 821 2425 Iluc
841 2361 970 2450 pertinet
995 2362 1121 2450 primum
1148 2364 1225 2448 quod
1252 2365 1291 2433 de

113 2439 263 2530 Sophocle
284 2443 374 2508 tradit
393 2441 569 2509 Athenaeus
589 2442 629 2509 X.
650 2466 679 2532 p.
700 2442 766 2509 454
782 2442 826 2508 F:
858 2447 924 2509 Kal
948 2447 1113 2531 Σοφοκλῆς
1134 2449 1168 2511 dd
1188 2473 1289 2538 voccqr

112 2524 329 2612 παραπλήσιον
350 2529 489 2611 ἐποίησεν
509 2529 542 2592 ἐν
557 2527 931 2619 Ἀμφιαροῖῳσατιιρικῷ
956 2529 997 2594 τὰ
1017 2527 1186 2613 γράμματα
1207 2558 1289 2618 ποιο-

113 2606 197 2695 &ccv
218 2611 413 2694 ὀρχούμενον.
453 2613 551 2683 Porro
573 2613 676 2679 eodem
697 2613 793 2679 studio
816 2615 919 2679 ductvrs
933 2613 1093 2704 Euripides
1114 2616 1147 2681 in
1164 2616 1288 2684 Theseo

111 2704 261 2848 ειιιοτοοι
282 2699 445 2765 litterarum
471 2699 610 2786 ignarum
631 2697 748 2763 Thesei
773 2720 882 2765 nomen
907 2721 962 2789 per
987 2699 1151 2765 litterarum
1172 2702 1287 2789 ligures

133 2783 327 2849 οσοτὶοοιιὶοιι
348 2783 481 2866 induxit,
503 2783 581 2856 uude
602 2783 688 2868 quule
708 2784 765 2848 hoc
786 2806 883 2871 genus
904 2784 1046 2850 orationis
1067 2786 1159 2851 fuerit
1179 2807 1196 2851 o
1217 2787 1287 2854 time

111 2868 334 2955 cognoscimus:
356 2868 515 2958 Euripides
537 2868 616 2933 enim
636 2873 669 2932 ut
688 2869 851 2933 litterarum
872 2869 953 2934 illam
976 2869 1138 2935 doctrinam
1159 2809 1288 2939 allallia

109 2953 235 3034 ascivit,
261 2953 303 3017 itu
325 2953 412 3018 etiam
432 2953 550 3020 videtur
576 2973 672 3040 genus
698 2952 816 3018 dicendi
836 2952 873 3018 ab
900 2952 1004 3018 eodem
1028 2955 1180 3042 petivisse.
1223 2954 1285 3022 Sed

109 3036 192 3103 illum
214 3038 308 3102 locum
329 3060 420 3126 supra
440 3037 572 3103 exhibui.
605 3035 753 3106 Videntur
772 3045 870 3103 autem
890 3036 1051 3127 Euripides
1071 3046 1101 3103 et
1121 3038 1164 3104 So
1183 3040 1284 3105 hocles

108 3120 243 3187 indicare
270 3123 401 3188 voluisse
428 3123 476 3187 his
503 3121 666 3211 exemplis,
692 3143 777 3209 quem
804 3122 893 3187 facile
920 3125 979 3187 iam
1006 3120 1123 3189 Calliae
1151 3061 1284 3189 Archino

57 3291 59 3300 Ι
106 3208 261 3295 proposita
288 3207 336 3273 vel
366 3208 501 3272 homines
527 3209 692 3273 litterarum
719 3207 821 3294 ignari
844 3205 966 3294 legendi
980 3207 1157 3354 dpericnlum
1181 3209 1283 3274 facere

106 3292 233 3379 possint.
274 3291 337 3356 Iam
359 3292 508 3358 commode
529 3291 636 3357 accidit
656 3298 688 3358 ut
708 3298 788 3356 certe
815 3290 911 3376 aliquo
932 3312 979 3356 mo
1000 3313 1018 3355 ο
1039 3290 1127 3356 liceat
1147 3291 1289 3377 definire,

105 3397 163 3461 quo
184 3383 244 3441 tem
282 3399 316 3441 re
331 3378 389 3442 hae
401 3376 520 3441 fabulae
534 3375 664 3440 Athenis
685 3375 798 3441 fuerint
818 3376 1006 3440 commissae:
1028 3374 1097 3440 nam
1106 3374 1210 3442 Aristo
1229 3379 1282 3443 ha-

104 3482 164 3563 ¹¹·⁰'³
182 3461 351 3612 bviiii
368 3460 495 3612 {dli
508 3459 1282 3616 iilhiiliiiphilllciihild·iffi

103 3545 206 3713 &Ita
227 3638 260 3695 ut
279 3631 349 3696 illae
369 3568 543 3719 traggdediae
564 3567 683 3720 Alymp.
699 3628 880 3699 LXXXVII
896 3630 944 3696 vel
965 3629 995 3694 L
1084 3592 1160 3699 lllll
1177 3596 1281 3701 doctas

103 3737 174 3781 esse
190 3715 358 3798 videantur,
379 3718 410 3782 h.
425 3739 452 3781 e.
464 3738 501 3781 ea
523 3721 636 3798 aetate,
668 3738 706 3781 ue
716 3715 826 3781 Medea
842 3721 872 3780 et
881 3713 1012 3804 Oedipus
1033 3737 1103 3779 res:
1125 3722 1281 3816 practerea

101 3819 177 3867 vero
197 3799 357 3890 Euripides
378 3803 467 3866 etiam
487 3800 520 3875 in
542 3800 609 3866 aliis
631 3737 759 3883 fabulis,
781 3820 856 3886 quos
875 3820 912 3864 eo
932 3805 1064 3900 tempore
1085 3800 1219 3951 scnpqlt,
1241 3802 1279 3868 ad

99 3883 291 3974 Protagorae
303 3885 474 3971 Galliaeque
495 3885 617 3973 regulas
639 3907 673 3952 se
685 3886 802 3951 videtur
813 3905 1029 3974 composuisse,
1050 3891 1126 3949 utun
1189 3886 1279 3976 liupo,

102 3970 143 4036 de
160 3992 219 4058 qua
230 3971 386 4058 tragoedia
407 3971 520 4036 dicetur
539 3972 634 4037 infra:
657 3971 695 4036 ad
707 3965 831 4036 eandem
853 3976 950 4036 summ
965 3975 1091 4036 oetatem
1102 3970 1192 4037 etiam
1201 3969 1278 4037 Cra·

101 4055 160 4127 lini
180 4055 373 4123 Cleobulinss
395 4055 571 4123 referendas
592 4077 661 4121 esse
683 4056 821 4121 arbitror.

172 4141 251 4207 ¹Iam
272 4141 300 4205 si
326 4142 376 4206 vel
402 4141 551 4230 principes
578 4146 684 4242 poetae
709 4140 747 4205 ad
769 4138 884 4206 Calliae
909 4139 1074 4206 institutum
1099 4159 1134 4205 so
1159 4141 1278 4207 confor-

101 4227 237 4310 mabant,
266 4233 375 4312 quanto
403 4227 623 4293 verisimilius
650 4233 699 4291 est
721 4225 882 4291 insceleres
910 4225 1041 4313 tragicos
1062 4225 1119 4290 hoc
1140 4226 1276 4291 dictionis

102 4311 401 4398 conformationisque
443 4333 572 4401 genere·
602 4311 636 4380 iu
669 4310 779 4381 fabulis
801 4311 928 4379 {tremos
965 4331 1055 4395 esse,
1102 4308 1275 4395 videturque
