2760 4792
160 204 225 271 270
543 198 946 267 COMMENTATIONES

160 366 309 436 τοιοότων
327 364 437 449 τόχας·
459 366 488 431 οἶ
506 366 540 431 δὲ
553 364 753 453 εὐτελέστεροι
769 365 826 442 τὰς
844 372 907 433 τῶν
918 363 1055 452 φαόλων,
1077 372 1199 453 πρῶτον
1204 362 1334 479 proripere

161 461 333 533 ποιοῦντες,
360 452 460 536 ὥσπερ
488 451 584 535 ἕτεροι
611 448 727 533 ὕμνους
754 454 806 515 καί
833 447 981 536 ίγκαόμια·
1013 459 1075 517 τῶν
1100 453 1158 533 μὲν
1184 478 1242 519 ουν
1267 455 1332 535 πρὸ

158 534 297 625 Ὀμήρου
319 536 440 612 οὐδενὸς
461 536 568 617 ἔχομεν
588 540 679 603 εἰπεῖν
698 542 838 601 τοιοῦτον
850 539 982 619 ποίημα·
1004 537 1082 614 stade
1102 538 1137 602 dt
1156 534 1233 603 eirca
1255 544 1335 604 πολ-

163 622 250 702 λοός·
278 624 339 689 ἀπὸ
361 624 394 687 δὲ
410 619 548 709 Ὀμήρου
570 621 751 707 ἀρξαμένοις
776 620 875 687 ἔστιν’
903 618 968 686 οἷον
987 623 1100 687 ἐκείνου
1122 619 1140 687 ὃ
1161 624 1334 733 Μαργίτης

164 716 215 777 καλ
236 711 276 775 τὰ
301 714 441 773 τοιαῦτα.
462 744 506 758 -
532 704 633 818 ὥσπερ
660 706 694 770 δὲ
721 708 772 769 καί
798 705 838 772 τὰ
858 708 1013 771 σπουδαῖα
1038 706 1174 788 μα’λιστα
1199 732 1334 791 ποιητης

158 796 296 881 Ὅμηρος
317 786 369 877 ἢν,
399 788 494 874 μόνος
514 791 572 877 γὰρ
594 816 652 873 ουχ
672 787 718 855 ότι
741 784 788 869 τό,
809 790 879 855 ἀλλ’
904 788 950 855 ότι
971 794 1021 855 καί
1042 789 1185 875 μιμήσεις
1204 794 1333 899 δραμα-

164 881 251 957 τικιὶς
272 882 424 960 ἐποίησεν,
454 874 535 941 οὕτω
556 878 606 940 καὶ
627 876 667 940 τὰ
688 880 742 957 τῆς
763 878 927 964 κωμῳδίας
946 873 1092 959 σχήματα
1112 882 1236 962 πρῶτος
1255 876 1333 943 υτιί-Ι

166 969 260 1043 δειξεν
281 963 317 1029 οὗ
338 961 451 1047 ψόγον,
478 961 557 1025 ἀλλὰ
577 961 612 1025 τὸ
633 966 750 1043 γελοῖον
771 958 1059 1044 δραματοποιήσας·
1081 957 1099 1026 ὅ
1119 962 1178 1048 γδρ
1199 963 1333 1048 Μαργί-

165 1076 220 1160 της
243 1046 391 1132 ἀνάλογον
411 1046 482 1129 ἔχει,
504 1046 604 1129 ὥσπερ
618 1044 710 1120 Ἰλιὰς
731 1043 953 1111 καὶὈδόσσεια
975 1046 1052 1128 πρὸς
1072 1045 1128 1123 τδς
1144 1050 1331 1135 τραγῳδίας,

165 1160 246 1202 ουτω
267 1136 317 1197 καί
341 1125 430 1206 οὗτος
452 1130 529 1213 πρὸς
549 1131 606 1206 τός
626 1132 797 1215 κωμῳδίας.
817 1131 912 1195 Recte
933 1131 1040 1197 deiude
1060 1133 1151 1198 tradit
1169 1132 1332 1219 antiquitat

166 1219 344 1286 comoediam
357 1216 431 1280 nihil
448 1217 506 1280 nisi
526 1216 637 1279 ludicra
667 1216 789 1279 uaedam
811 1223 840 1279 et
855 1216 968 1281 lasciva
988 1216 1237 1301 earminaluisso,
1275 1240 1333 1285 uae

165 1307 261 1371 suhito
283 1301 372 1366 multo
400 1322 463 1365 oum
490 1301 590 1388 lepore
616 1237 762 1381 fuderint,
788 1303 819 1363 Γ
816 1301 939 1382 ενομίνη
962 1295 1017 1365 οὗν
1037 1301 1095 1366 ἀπ’
1119 1300 1217 1411 όιρχῖης
1237 1236 1331 1369 olra-

165 1386 358 1471 σχεδιαστικὴ
381 1388 431 1449 καὶ
454 1382 531 1466 αὕτη
554 1384 736 1471 (tragoedia)
759 1388 808 1446 καὶ
830 1382 849 1466 η
871 1388 1038 1472 κωμῳδία,
1062 1382 1081 1469 ἥ
1103 1388 1160 1467 μὲν
1180 1386 1244 1453 ond
1269 1394 1332 1455 τῶν

166 1470 354 1557 ίξαρχόντων
373 1469 427 1534 τόν
448 1468 659 1553 διθύραμβον,
681 1466 699 1550 ἦ
723 1469 756 1532 δὲ
777 1468 837 1533 ἀπὸ
859 1477 920 1533 τῶν
940 1471 979 1535 τό
1001 1467 1150 1557 φαλλικό,
1172 1470 1193 1537 t
1213 1470 1260 1537 ἔτι
1279 1476 1331 1539 καλ

165 1564 220 1623 νῦν
241 1560 273 1622 ἐν
294 1561 421 1630 πολλαῖς
441 1561 502 1618 τῶν
524 1552 639 1618 πόλεων
660 1555 792 1634 διαμίνει
813 1553 1008 1634 νομιζόμενα,
1039 1556 1119 1621 κατὰ
1144 1556 1256 1641 μικρδκ
1273 1556 1332 1641 ηόιι

167 1640 265 1726 ξήθη,
297 1636 491 1724 προαγόντων
512 1637 585 1703 ὅσον
605 1639 719 1721 ἐγίνετο
741 1639 873 1723 φανερὸν
895 1639 999 1723 αὐτῆς.
1041 1641 1171 1708 Phallici
1190 1644 1331 1709 caminia

166 1750 251 1793 usum
273 1749 292 1791 a
311 1725 523 1815 posterioribus
543 1725 639 1812 poetis
660 1732 789 1812 spretum
804 1724 1021 1814 Aristophanes
1041 1726 1332 1795 inAcharnenaihus

167 1811 315 1878 commode
336 1810 507 1891 renovavit,
540 1808 618 1873 unde
639 1810 712 1873 satis
740 1811 932 1897 perspicimus
953 1811 1006 1875 illa
1033 1813 1164 1877 cornuue
1183 1814 1280 1881 ίιιὶεεο
1299 1814 1332 1879 iu

165 1897 276 1963 Bacchi
298 1896 438 1961 honorem
467 1915 526 1958 non
548 1894 613 1958 sine
641 1915 751 1979 magara
771 1894 894 1978 quadam
915 1895 1037 1961 lascivia
1057 1898 1228 1985 composita.
1254 1900 1331 1965 Nau

165 1980 355 2067 Dicaeopolis
377 2002 440 2043 cum
461 2001 490 2043 v.
512 1982 575 2042 202
597 1978 737 2042 dixisset:

246 2065 324 2147 Ἐγώ
346 2066 379 2127 δὲ
400 2064 534 2143 πολίμου
556 2064 605 2124 καὶ
628 2068 729 2124 κακῶν
748 2058 932 2145 ἀπαλλαγείς

244 2147 325 2225 Ἄξω
345 2149 384 2212 τὰ
405 2147 473 2211 κατ’
498 2145 611 2231 ι’ίγρους
632 2145 731 2209 sicanio
752 2144 913 2211 Διονύσια.

168 2234 274 2301 deinde
295 2236 326 2297 in
348 2254 466 2297 scenam
487 2231 607 2309 incedit,
627 2230 759 2295 Xanthia
779 2252 867 2296 semo
887 2232 1018 2320 phallum
1039 2238 1193 2321 gestante,
1214 2234 1335 2337 liliaque

169 2320 334 2467 caneplporo
352 2317 557 2406 praecedente,
579 2314 638 2381 vid.
655 2337 684 2380 v.
701 2315 764 2381 242
785 2336 877 2401 seqq„
897 2323 927 2381 et
946 2318 1097 2385 instruens
1118 2340 1253 2409 pompam
1263 2320 1342 2387 droit

169 2423 199 2468 v.
219 2408 262 2469 24
289 2426 297 2466 t

253 2488 317 2551 Kal
339 2483 401 2568 μὴν
422 2481 516 2548 καλόν
535 2482 565 2568 γ’
589 2481 655 2549 ἴστ’
685 2474 710 2548 ὦ
730 2479 862 2548 Διόνυσε
884 2486 1028 2567 δέσποτα,

253 2569 488 2654 Κεχαρισμίνως
508 2594 558 2635 σοι
580 2566 668 2651 τήνδε
688 2568 744 2651 τὴν
765 2569 890 2650 πομπὴν
909 2571 963 2652 ἐμὲ

252 2658 431 2739 Πίμῳαντα
453 2658 503 2718 καὶ
525 2650 668 2718 θύσαντα
686 2652 764 2734 μετὰ
784 2659 845 2718 τῶν
866 2657 990 2721 οἰκετῶν

250 2740 386 2824 Ἀγαγεῖν
405 2744 545 2823 τυχηρῶς
566 2739 605 2802 τὰ
626 2739 699 2803 κατ’
724 2738 837 2822 ἀγροδς
858 2737 1019 2805 Διοιόσια.

169 2834 229 2892 tum
250 2827 381 2906 demum,
402 2847 466 2889 cum
487 2824 586 2888 omnia
606 2831 707 2889 essent
728 2824 886 2906 adornato,
905 2846 935 2891 v.
955 2827 1020 2893 259
1039 2826 1153 2913 pergit:

247 2903 289 2973 Ὠ
310 2908 453 2986 Ξανθία,
474 2914 564 2996 σφῷν
579 2909 609 2973 δ’
634 2911 715 2974 ἐστίν
736 2908 832 2994 ὀρθὸς
854 2906 955 2986 ἓκτίος

248 2991 287 3060 ‘0
308 2993 426 3079 φαλλὸς
447 2991 589 3070 ἐξόπισθε
610 3000 664 3074 τῆς
684 2991 877 3078 κανηφόρου·

250 3080 334 3164 Ἔγιό
356 3081 389 3144 δ’
413 3076 596 3144 ἀκολουθῶν
621 3077 736 3168 ᾄσομαι
757 3077 793 3143 τὸ
815 3074 978 3160 φαλλικόν·

255 3168 302 3229 Ed
325 3163 356 3229 d'
380 3157 523 3248 ὦγόναι,
546 3170 610 3227 θεῶ
630 3163 669 3244 μ’
693 3161 755 3227 dud
776 3168 831 3228 τοῦ
852 3164 971 3247 τέγους
991 3158 1107 3249 πρόβα.

172 3250 311 3337 Sequitur
331 3251 389 3315 iam
412 3250 573 3357 phalhcum
595 3270 728 3313 carmen:

259 3340 385 3415 Φαλῆς,
407 3344 506 3419 εταΐρε
527 3334 676 3415 Βακχίου,

255 3417 421 3504 Ξόγκωμε,
448 3416 729 3503 νυκτοπεριπλάνη-

254 3529 302 3582 τε,
322 3505 425 3586 μοιχὲ,
445 3500 645 3588 παιδεραστά.

153 3597 202 3656 et
222 3590 265 3655 sic
286 3611 389 3678 porro:
416 3610 585 3675 quamquam
609 3594 703 3652 autem
725 3586 951 3653 existimandum
971 3593 1019 3651 est
1036 3585 1270 3674 Aristophanem
1289 3608 1334 3669 ea,

172 3696 246 3761 quae
268 3682 354 3738 erant
373 3674 404 3737 in
427 3675 524 3762 prisca
543 3672 596 3737 illa
617 3673 767 3738 comoedia
786 3672 891 3753 laeda,
911 3672 1031 3753 inculta,
1053 3671 1156 3753 exilia,
1176 3671 1336 3759 prudenter

172 3761 209 3825 ad
232 3760 304 3823 artis
332 3758 455 3823 sormam
476 3758 632 3844 redegisse
653 3766 683 3824 et
703 3757 930 3844 temperatisso,
963 3762 1062 3821 tamen
1082 3755 1192 3820 claram
1212 3756 1337 3844 primm-

172 3843 286 3909 diorum
311 3842 391 3907 illius
419 3844 492 3907 artis
520 3843 680 3913 imaninem
707 3841 859 3906 exhihuit:
886 3847 917 3906 nt
943 3841 1022 3906 enim
1048 3840 1081 3905 iu
1100 3839 1258 3905 Bacchicis
1276 3840 1337 3907 ih'n

171 3928 404 3993 solemnitatibus
426 3926 509 3991 chori
535 3922 690 4013 puerorum
712 3936 743 3991 et
762 3927 891 3991 virorum
919 3925 1062 3991 saltantes
1087 3931 1118 3989 et
1142 3924 1338 4013 tripudiantes

171 4011 312 4077 lascivam
339 4012 464 4098 aliquam
492 4011 666 4077 cantilenam
694 4012 727 4076 in
751 4011 862 4076 Bacchi
888 4011 1030 4076 honorem
1056 4010 1218 4091 canehant,
1244 4010 1338 4093 servi,

172 4099 278 4186 quippo
299 4097 348 4185 qui
376 4098 449 4162 socii
476 4097 608 4162 lahorum
640 4103 727 4180 atquc
753 4118 871 4184 operum
899 4094 1062 4183 agrestium
1088 4116 1149 4160 una
1169 4116 1235 4159 cum
1255 4094 1339 4161 her'm

171 4182 404 4248 solemnitatibus
425 4183 615 4261 interessent,
636 4180 752 4270 phahos
766 4187 879 4246 erectos
890 4180 1059 4267 gestabant,
1078 4178 1195 4269 puellae
1215 4199 1339 4245 munera

170 4273 202 4332 et
229 4268 376 4334 samilicia
397 4267 455 4333 diis
480 4267 633 4348 terebant,
660 4266 800 4332 mulieres
825 4265 952 4351 deniquo
977 4264 1090 4354 passim
1115 4284 1231 4331 meran
1256 4262 1337 4332 illu
