2760 4792
153 202 218 267 268
534 196 936 267 COMMENTATIONES

153 369 292 437 'Accessit
326 375 422 434 autem
452 363 559 433 Crates
591 366 711 455 propius
746 365 783 431 ad
810 365 930 433 Siculae
961 365 1128 430 comoediae
1160 334 1329 447 rationem,¹

176 478 241 520 uam
268 454 407 520 Cratinus
439 463 490 517 aut
516 453 590 516 alios
623 452 688 537 quis
715 449 832 517 Atticae
858 451 1024 515 comoediae
1049 456 1150 537 poeta:
1182 450 1215 515 id
1243 450 1322 537 quod

155 479 333 606 dristoteles
361 558 472 623 quoque
505 537 537 601 in
564 544 627 601 arte
654 537 767 626 poetica
793 537 861 601 ed
888 534 1096 620 quodammodo
1121 534 1320 642 significavit:

156 648 182 689 c.
202 627 240 689 ὃς
285 627 351 685 Τοῦ
373 623 406 685 δὲ
429 616 552 701 μίθους
580 631 675 684 ποιεῖν
692 618 883 702 Ἐπίχαρμος
910 622 960 683 καί
985 616 1106 701 Φόρμις
1125 622 1239 703 ηρξαν·
1282 617 1321 683 τὸ

154 708 211 789 μὲν
237 698 292 771 οὖν
317 709 349 781 ἐξ
375 704 471 789 ἀρχῆς
497 709 530 770 ἐκ
556 706 695 779 Σικελίας
720 697 813 786 ἦλθε·
855 710 917 767 τῶν
941 706 976 767 tl
997 700 1164 789 Ἀθήνῃσιν
1188 698 1323 787 Κράτης

155 796 275 877 πρῶτος
300 782 399 873 ἧρξεν,
421 789 571 873 ἀφέμενος
590 796 645 871 τῆς
666 792 811 869 ἰαμβικῆς
831 788 915 862 ἰδίας
936 784 1074 851 καθόλου
1092 794 1189 851 ποιεῖν
1208 784 1322 872 λόγους

154 875 322 959 ἢμίθους.
350 875 500 939 Referunt
520 876 593 938 haec
615 875 651 938 ad
673 874 865 958 mythicarum
887 872 1052 937 tabularum
1073 893 1181 959 genus,
1201 872 1241 937 de
1261 892 1320 958 quo

154 960 371 1049 supradictum
393 967 451 1023 est:
481 968 511 1023 at
530 959 649 1022 iniuria.
690 957 802 1021 Melius
823 956 1014 1039 Meinekius‚
1044 957 1093 1021 vir
1117 978 1265 1039 summus,
1286 958 1320 1022 in

154 1044 372 1121 QuaestScen.
393 1043 418 1107 l.
440 1066 467 1131 p.
479 1045 522 1108 20
544 1043 580 1108 de
601 1043 657 1106 hoc
677 1042 742 1106 loco
762 1042 911 1124 iudicavit,
939 1042 988 1141 qui
1008 1040 1078 1123 „Ac
1097 1042 1170 1107 mihi
1210 1042 1319 1125 uidem,

153 1130 262 1214 inquit,
289 1129 345 1192 hoc
365 1126 543 1191 Aristoteles
570 1127 741 1213 significare
769 1127 898 1190 voluisse
925 1127 1055 1208 videtur,
1081 1148 1145 1190 cum
1202 1126 1318 1192 rotinus

153 1216 299 1298 ceterique
321 1213 500 1296 antiquiores
521 1212 623 1275 comici
644 1219 739 1274 certos
756 1211 895 1295 quosdam
916 1211 1050 1276 homines
1071 1211 1103 1275 in
1123 1210 1234 1276 sabulis
1254 1210 1318 1275 suis

152 1321 190 1364 ex
233 1299 358 1361 ‘tassent
387 1296 550 1384 populoque
580 1295 719 1359 ridendos
751 1296 974 1394 propinassent,
1010 1294 1159 1361 Cratetem
1191 1295 1318 1383 primum

154 1405 209 1471 apu
240 1381 442 1445 Athenienses
464 1379 626 1461 exstitisse,
647 1381 696 1463 qui
706 1379 876 1468 Epicharmi
897 1380 1031 1468 exemplo
1052 1380 1180 1445 comicae
1198 1380 1318 1469 poesios

152 1467 304 1531 materiam
332 1487 350 1529 a
376 1465 560 1552 singulorum
593 1465 741 1528 hominum
774 1464 912 1527 irrisione
946 1464 983 1528 ad
1015 1463 1173 1552 generales
1203 1484 1318 1531 morum

153 1551 318 1614 notationes
345 1571 500 1634 rerumque
528 1549 740 1636 descriptiones
768 1549 946 1626 traduceret,
974 1570 1095 1634 quarum
1117 1570 1181 1614 cnm
1203 1548 1318 1615 aliose

153 1634 297 1699 communi
318 1634 466 1699 homiuum
488 1634 559 1715 vita,
581 1633 654 1697 elias
677 1641 771 1697 autem
794 1655 811 1697 e
832 1634 1024 1719 mythicarum
1044 1632 1211 1699 fabularum
1233 1632 1318 1719 cyclo

153 1721 302 1808 petiisset,
329 1740 389 1782 non
410 1720 486 1782 male
510 1730 540 1781 ut
561 1719 692 1802 equidem
720 1719 825 1805 opinor
845 1718 1023 1782 Aristoteles
1047 1716 1196 1784 Cratetem
1216 1714 1318 1783 καθό-

153 1809 210 1868 λου
231 1802 339 1888 λόγους
355 1801 374 1885 ἢ
389 1800 513 1883 μύθους
534 1809 658 1885 ποιῆσαι
679 1804 858 1890 perhibuit.“
879 1824 1050 1889 quamquam
1070 1804 1179 1869 uehis
1199 1802 1317 1889 quidem

154 1889 233 1954 omni
255 1910 294 1953 ex
314 1895 397 1975 parte
418 1910 536 1977 possum
558 1888 708 1952 assentiri.

237 1972 414 2038 Aristoteles
443 1995 507 2037 cum
540 1972 592 2035 illu
624 1973 689 2038 loco
716 1972 774 2035 vim
802 1978 832 2035 et
862 1977 996 2035 naturam
1028 1970 1195 2037 comoediae
1225 1970 1318 2037 vellet

154 2057 331 2147 explanare,
358 2078 418 2121 non
445 2056 539 2145 potuit
565 2057 624 2119 ista
648 2057 764 2119 ratione
791 2056 849 2136 uti,
876 2075 932 2139 qua
960 2076 1048 2121 unum
1075 2056 1193 2141 aliquod
1217 2076 1315 2145 genus

153 2150 407 2230 argumentorum,
434 2141 511 2225 quod
531 2139 681 2203 comoedia
707 2147 833 2203 tractare
860 2140 949 2204 solita
969 2147 1052 2223 erat,
1073 2149 1210 2227 tauquam
1234 2140 1317 2229 prin·

153 2228 258 2315 cipium
292 2245 489 2309 summamque
521 2230 707 2311 proponeret
749 2223 792 2287 At
824 2225 904 2287 notio
935 2224 1016 2290 illius
1046 2226 1182 2291 vocabuli
1210 2230 1317 2307 μῦθος

153 2309 227 2398 apud
239 2308 431 2373 Aristotelem
452 2307 595 2371 latissime
611 2314 705 2395 patet:
727 2313 832 2389 μῦθον
844 2308 922 2373 enim
943 2317 1029 2374 vocat
1039 2310 1071 2377 id
1080 2311 1157 2397 quod
1168 2310 1206 2375 ab
1221 2310 1233 2375 i
1251 2310 1316 2377 sius

152 2400 256 2483 poetae
271 2393 393 2480 ingenio
414 2393 563 2457 inventum
576 2401 716 2477 estatque
737 2393 946 2481 excogitatum,
968 2396 1064 2459 lictum
1077 2395 1209 2481 quasiqu
1248 2394 1315 2465 dam

153 2479 338 2542 simulacrum
364 2478 459 2560 vitae,
483 2478 570 2563 idque
590 2500 732 2542 summum
761 2500 828 2542 esse
854 2479 1021 2543 contendit:
1045 2480 1078 2544 in
1104 2487 1209 2569 poetae
1235 2480 1316 2547 enim

153 2570 249 2628 mente
276 2563 386 2628 insidet
406 2562 507 2627 divina
532 2563 673 2647 quaedam
701 2564 815 2651 species
835 2564 969 2627 veritatis
997 2565 1117 2664 eiusque
1142 2564 1241 2630 animo
1262 2565 1315 2631 ob-

152 2655 304 2730 versatur,
336 2648 373 2713 ad
396 2649 478 2711 cuius
504 2647 722 2711 similitudinem
748 2669 853 2735 poema
879 2648 962 2733 quasi
988 2649 1148 2748 imaginem
1168 2648 1315 2749 quandem

58 2738 66 2751 “
152 2734 329 2814 conformat,
359 2733 401 2796 ita
427 2739 459 2795 ut
479 2731 553 2794 haec
574 2752 648 2816 quae
675 2733 729 2795 sub
752 2732 852 2796 oculos
879 2734 957 2797 cadit
981 2733 1100 2833 effigies
1130 2734 1255 2799 imitatio
1275 2734 1315 2799 sit

151 2818 299 2918 perfectae
326 2816 406 2880 illius
435 2815 561 2903 speciei,
590 2836 664 2901 quae
684 2824 781 2880 mente
808 2823 919 2881 tantum
941 2824 971 2881 et
996 2826 1111 2883 ratione
1132 2819 1313 2884 continetur:

151 2912 247 2987 utaque
272 2922 327 2986 quo
358 2901 478 2988 propius
512 2906 637 2965 externa
661 2900 714 2965 illa
738 2900 835 2965 formo
866 2900 903 2965 ed
934 2902 1028 2992 ipsam
1053 2903 1135 2968 illam
1160 2905 1314 2969 veritatem

152 2986 278 3066 accedit,
320 3005 355 3049 eo
382 2985 512 3072 pulcrius
542 2992 646 3072 poetae
673 2986 826 3073 ingenium
853 3007 920 3050 esse
952 2987 1092 3052 dicimus:
1133 2987 1190 3053 hoc
1219 2989 1315 3053 i'tur

152 3070 227 3155 quod
254 3076 341 3157 poeta
367 3070 451 3155 quasi
478 3090 517 3134 ex
538 3091 572 3134 se
599 3090 709 3154 suoque
734 3070 858 3158 iugenio
903 3071 980 3152 etiit,
1011 3072 1049 3137 ad
1075 3072 1205 3138 ultimam

151 3155 276 3243 speciem
298 3154 456 3304 redigens,
477 3175 538 3219 non
559 3155 768 3242 contemplatus
790 3092 901 3240 aliquid
919 3157 949 3220 iu
971 3177 1070 3222 rerum
1093 3157 1249 3239 varietate,
1274 3156 1313 3223 nd

150 3239 231 3303 cuius
244 3239 363 3302 similitu
383 3241 462 3304 inem
475 3245 566 3303 artem
580 3240 785 3315 conformaret,
797 3248 918 3303 vocatur
927 3240 963 3304 ab
970 3241 1133 3306 Aristotele
1142 3246 1258 3323 μῦθος,
1269 3240 1313 3307 uti

151 3328 198 3388 est
218 3345 242 3388 c.
257 3325 288 3404 6,
310 3324 359 3387 ubi
381 3324 418 3389 de
439 3323 593 3409 tragoedia
613 3322 804 3413 philosophus
825 3324 958 3389 disserit:
972 3322 1076 3390 Ἔστι
1098 3325 1138 3389 δὲ
1158 3331 1226 3409 τῆς
1244 3324 1313 3407 μὲν

150 3402 319 3491 πράξεως
340 3404 357 3470 ὁ
378 3412 505 3489 μῦθος
524 3408 702 3490 μίμησις·
729 3407 821 3491 λέγω
847 3408 917 3493 γὰρ
937 3414 1065 3491 μῦθον
1086 3415 1219 3489 τοῦτο,
1244 3408 1312 3495 τὴν

150 3488 340 3556 σύνθεσιν
359 3497 433 3556 τῶν
454 3489 696 3579 πραγμάτων.
718 3500 748 3557 et
767 3494 849 3559 infra
861 3494 1019 3577 Μέγιστον
1038 3495 1074 3560 a:
1093 3492 1211 3560 codrum
1230 3496 1312 3561 ἐστίν

149 3573 168 3654 e‘q
194 3580 256 3640 τῶν
282 3573 469 3661 πραγμάτων
495 3574 656 3653 σύστασις·
686 3573 786 3664 ἡγὰρ
814 3581 969 3663 τραγῳδία
993 3581 1122 3662 μίμησίς
1146 3582 1229 3649 ἔστιν
1254 3578 1312 3647 οὖσι

150 3656 339 3744 ἀνθρώπων,
364 3658 444 3723 ἀλλὰ
470 3658 607 3747 πράξεων
633 3663 683 3725 καί
704 3664 775 3740 βίου
802 3667 853 3728 καί
879 3666 1074 3746 εὐδαιμονίας
1094 3666 1144 3729 καὶ
1165 3667 1314 3731 :renodat-

148 3747 257 3854 peqvlpc
278 3780 320 3797 -·
348 3743 405 3809 οίαι
431 3737 485 3809 οὖν
505 3744 587 3853 ὅπως
612 3744 652 3811 τὰ
672 3744 738 3829 ἤθη
756 3744 971 3857 ἱμιμῆσρινται,
989 3746 1206 3858 εγιρυίττουσινγ
1231 3748 1313 3817 ἀλλὰ

148 3854 199 3977 {t
213 3829 940 4002 'tittttltttt'ttttlttgtttlitt
965 3859 1057 4004 iiiii
1076 3834 1312 3997 iitiliiffli

146 3998 274 4082 μίγιστα
295 3995 345 4077 αἷς
364 3997 580 4083 ψυχαγαιγιῖἡ
601 4002 775 4085 τραγῳδία,
803 4008 858 4066 τοῦ
878 4001 985 4085 μύθου
1005 4003 1083 4089 μίρη
1105 4005 1201 4083 dorla,
1223 4006 1261 4069 οἵ
1277 4028 1311 4071 τι

147 4084 327 4169 περιπέτειαι
349 4088 399 4148 nal
420 4083 649 4169 ἀναγνωρίσεις·
677 4086 721 4151 ἔτι
751 4095 889 4168 σημεῖον,
918 4085 963 4152 ὅτι
984 4090 1035 4152 καί
1058 4088 1087 4153 οἶ
1107 4090 1311 4174 ἐγχειροῦντες

146 4177 255 4247 ποιεῖν,
276 4164 423 4255 πρότερον
445 4166 589 4234 δύνανται
610 4176 647 4255 τῇ
669 4171 744 4247 λίξει
766 4174 816 4234 καί
843 4183 907 4249 τοῖς
926 4170 1034 4255 ἤθεσιν
1055 4172 1202 4258 ἀκριβοῦν
1227 4173 1248 4259 ἢ
1269 4174 1311 4241 td

146 4248 311 4340 πράγματα
332 4256 553 4319 συνίστασθαι·
576 4250 641 4320 οἷον
661 4258 711 4319 καί
724 4255 753 4321 oi
774 4261 888 4341 πρῶτοι
907 4258 1149 4341 σοιηταλσχαλὸυ
1167 4256 1308 4339 ἅπαντας.
