2760 4792
102 204 166 271 826
482 194 886 265 COMMENTATIONES

189 366 260 435 Κᾶν
279 372 379 446 ταῦτα
400 364 522 451 ποιήθ’,
543 362 617 447 ὑμῖν
636 364 678 429 δι’
702 362 788 439 ἔτους

192 458 265 517 Τῶν
286 452 415 534 ἱματίων

188 534 305 620 Ὀζήσει
325 530 504 617 δεξιότητος.

108 632 139 691 et
158 625 191 689 in
212 623 293 689 Pace
315 642 343 687 v.
362 619 440 686 528:

187 702 366 774 ’Animos’
390 707 506 786 ἐχθροῦ
527 703 630 789 φωτὸς
650 698 794 784 ἵχθιστον
814 698 932 776 πλίκος.

195 794 263 857 Τοῦ
285 790 341 871 μέν
359 788 420 897 ηδρ
442 787 500 867 όζει
521 786 833 873 κρομμυοξυρεγμίας,

195 873 322 957 Ταάτης
341 875 361 938 δ
396 868 535 958 ὀπώρας,
555 869 727 954 δποδοχής,
749 870 931 937 Διονυσίων.

109 961 229 1027 Deinde
256 961 289 1025 in
309 959 415 1024 Hermi
434 959 465 1048 pi
491 959 627 1023 versibus
654 957 811 1021 manifesto
836 955 911 1020 haec
936 958 1021 1019 orant
1046 953 1080 1019 in
1099 975 1190 1021 uuam
1209 975 1276 1021 sen·

111 1048 232 1112 tentiam
252 980 469 1117 conclusionis:

191 1128 291 1211 Ὀσμή
311 1128 460 1193 θεσπεσία
480 1123 559 1188 κατὰ
580 1131 641 1188 πᾶν
662 1124 694 1188 δ’
718 1123 777 1206 ἔχει
797 1120 950 1211 ὑψερεφὲς
971 1125 1026 1189 δώ.

111 1215 255 1306 particula
275 1213 309 1279 δὲ
330 1235 348 1277 a
368 1232 422 1277 sno
444 1211 507 1274 loeo
527 1208 676 1298 paululum
703 1216 832 1275 remota:
859 1217 920 1274 tum
942 1216 1008 1298 opto
1033 1210 1183 1275 sententie
1211 1230 1276 1301 pro·

113 1301 205 1375 cedit,
226 1299 253 1363 si
274 1297 455 1384 distinguas:

193 1380 377 1465 Ἀμβροσία
398 1382 449 1444 καί
466 1378 574 1464 υίκταρ
597 1375 675 1460 ὁμοῦ
696 1376 782 1443 τοῦτ’
805 1376 880 1442 ίστί.
953 1408 957 1415 ·

114 1470 217 1555 quihus
238 1465 344 1532 deinde
365 1463 596 1530 commodissime
616 1464 675 1527 ista
694 1463 928 1611 subiunguntugr:

800 1546 847 1610 Th
869 1571 958 1611 νκτα

201 1635 296 1699 Τουτὶ
315 1632 376 1718 χρὴ
397 1630 539 1718 παρέχειν
559 1632 653 1696 πίνειν
674 1632 707 1695 ἓν
727 1631 808 1696 δαιτί
829 1632 940 1716 θαλείῃ
959 1572 990 1632 ρ’

114 1723 157 1786 ita
187 1720 265 1784 enim
298 1719 372 1783 haee
404 1716 582 1804 corrigenda
614 1724 701 1781 suut:
743 1724 876 1782 extrema
901 1715 1076 1781 Dindorfius
1109 1716 1282 1803 emendavit.¹

116 1803 254 1872 Ceterum
267 1823 388 1892 prorsus
409 1823 470 1866 nou
491 1802 620 1889 ambigo,
641 1802 711 1887 quin
731 1802 764 1865 hi
784 1802 949 1865 hexametri
965 1806 995 1864 et
1008 1822 1047 1865 ex
1060 1800 1163 1868 eadem
1183 1802 1283 1869 fabulo

116 1899 147 1955 et
177 1911 216 1953 ex
235 1887 379 1953 communi
404 1886 469 1953 loeo
495 1887 579 1975 petiti
606 1887 682 1968 sint,
715 1908 754 1950 ex
775 1907 831 1971 quo
858 1885 937 1951 aliud
958 1906 1019 1949 non
1039 1886 1137 1973 minus
1163 1886 1283 1977 insigne

115 1976 312 2061 fragmentum
345 1972 476 2036 ser-vovit
501 1969 674 2034 Athenaeus
700 1970 726 2035 Ι.
747 1992 776 2059 ρ.
796 1972 839 2034 27
861 1969 908 2052 Ε,
951 1977 1033 2035 touta
1060 1978 1090 2035 et
1107 1972 1284 2059 ,argumeuh'

117 2068 148 2123 et
167 2058 309 2122 orationis
330 2063 377 2120 est
398 2054 631 2138 similitudozin
652 2053 725 2135 illo,
752 2054 827 2138 quod
849 2055 934 2119 modo
956 2055 1080 2119 treetmi
1105 2058 1286 2145 fragmento,

116 2145 181 2232 ipse
201 2140 336 2206 Bacchus
358 2139 499 2224 loquium,
526 2146 558 2202 ut
578 2138 627 2202 vel
646 2138 820 2204 Athenaeus
847 2140 958 2204 indicat
970 2136 1149 2224 Ἕρμιππος
1169 2140 1209 2205 ot
1225 2162 1285 2207 που

118 2235 201 2290 ποιεῖ
221 2225 275 2289 τὸν
301 2221 454 2287 Διόνυσον
479 2221 624 2286 πλειόνων
650 2221 862 2305 μεμνημένον,
905 2232 935 2289 et
960 2245 1032 2288 vero
1062 2225 1152 2291 etiam
1180 2246 1286 2293 versuo

119 2311 245 2376 extremi
264 2309 453 2372 confirmant:
575 2314 591 2359 -“

204 2394 301 2457 Τουτί
321 2389 380 2474 χρή
401 2391 543 2477 παρίχεικ.
557 2389 655 2461 ,πίνειν
675 2390 708 2454 ἓν
728 2392 810 2455 δαιτί
830 2392 930 2478 θαλεή
1039 2394 1042 2399 ’

204 2482 314 2542 Τοῖσιν
333 2477 433 2558 ίμοῖσι
456 2476 566 2561 φίλοις,
587 2484 650 2552 τοῖς
673 2473 706 2538 δ’
728 2477 854 2560 ἐχθροῖς
874 2478 908 2541 ίκ
927 2474 1135 2560 Πεπαρήθου.

121 2565 152 2627 in
172 2564 228 2628 hoe
249 2570 346 2627 autem
371 2561 539 2649 fragmento
564 2582 624 2625 nou
654 2561 718 2648 ipse
740 2561 856 2647 quidem
876 2560 1012 2627 Bacchus
1033 2561 1155 2648 loquens
1176 2564 1290 2629 induci·

121 2659 186 2729 tur,
229 2653 260 2710 at
280 2668 353 2732 quae
373 2646 539 2710 hominihus
561 2646 710 2710 commoda
730 2646 856 2710 navibus
885 2644 1040 2711 advexerit
1065 2656 1291 2735 permonemur,

123 2733 181 2796 viu.
202 2731 389 2796 Athenaeus:
426 2728 495 2794 Ὅτι
519 2727 712 2811 Ἀντιφάνης
744 2755 804 2794 που
837 2725 854 2793 δ
881 2732 997 2815 χαρίεις
1028 2730 1067 2796 τά
1099 2733 1133 2809 ἐξ
1161 2730 1292 2817 ἑκάστης

122 2813 237 2891 πόλεως
257 2811 409 2893 ἰδιώματα
432 2812 512 2877 οὕτω
534 2813 710 2898 καταλήγει·
731 2849 774 2865 ···
789 2811 968 2900 Ἕρμιππος
988 2814 1025 2879 δι’
1043 2838 1117 2879 που·

200 2898 330 2964 ’Ἕσπετε
357 2903 411 2961 νῦν
430 2923 485 2979 μοι
507 2900 656 2977 Μοῦσαι,
672 2896 827 2980 Ὀλάμπια
854 2897 973 2981 δώματ’
998 2896 1132 2982 ἔχουσαι,

201 2984 261 3060 Ἐξ
283 2975 320 3047 οὗ
340 2987 504 3067 ναυκληρεῖ
521 2978 675 3059 Διόνυσος
694 2982 743 3047 ἐπ’
768 2982 877 3048 οἴνοπα
898 2981 1009 3048 πόντον

199 3066 293 3135 ‘Ouo'
317 3064 413 3151 ἀγάθ’
439 3064 617 3154 ἀνθρώποις
638 3065 724 3153 δεῦρ’
747 3064 839 3152 ήγαγε
859 3071 915 3148 νηῒ
929 3072 1073 3154 μελαίνη·

204 3154 262 3219 Ἐκ
282 3153 339 3234 μὲν
359 3147 505 3259 Κυρήνης
525 3152 640 3217 καυλὸν
660 3155 711 3215 καί
732 3152 831 3238 δίρμα
851 3151 967 3233 βόειον·
1035 3135 1043 3157 ⁶

203 3237 256 3303 Ἕκ
277 3237 309 3301 δ’
328 3233 553 3319 Ἑλλήσποντον
574 3232 751 3321 σκόμβρους
771 3239 822 3301 καί
843 3234 943 3303 πάντα
964 3240 1089 3323 ταρίχη·

205 3323 264 3386 Ἐκ
285 3322 316 3387 δ’
341 3313 381 3384 αδ
398 3321 529 3397 Ἰταλίας
546 3320 677 3430 χόνδρον
697 3324 749 3386 καὶ
771 3322 888 3408 πλευρά
907 3319 1011 3404 βόεια·
1066 3356 1076 3369 ·

210 3410 274 3471 Καί
301 3405 386 3493 παρὰ
407 3403 559 3470 Σιτάλκου
581 3414 695 3491 ψώραν
714 3407 1022 3488 Λακεδαιμονίοισιν·

209 3494 274 3556 Καὶ
297 3491 381 3572 παρὰ
402 3492 575 3573 Περδίκκου
597 3488 699 3575 ψεόδη
720 3494 827 3556 ναυσίν
848 3489 927 3556 πάνυ
948 3497 1092 3568 πολλοῖς·

210 3576 256 3643 At
277 3575 310 3639 ii
331 3575 528 3661 Συράκουσαι
548 3582 605 3651 σιίς
625 3579 677 3639 καί
697 3575 790 3659 τυρὸν
810 3574 1004 3662 παρέχουσιν.

212 3661 277 3725 Καὶ
297 3661 509 3746 Κερκυραίους
530 3658 547 3723 ὃ
567 3662 729 3725 Ποσειδῶν
748 3659 892 3738 ίξολίοειε

213 3747 334 3810 Ναυσίν
353 3746 403 3809 ἐπὶ
421 3748 605 3892 ρλαφυραῖς,
628 3741 694 3827 ὁτιὴ
716 3745 788 3827 δίχα
808 3745 913 3829 θυμόν
934 3744 1066 3828 ἔχουσιν.

214 3835 324 3893 Ταῦτα
343 3828 401 3910 μίν
437 3833 576 3895 ντεῦθεν·
597 3832 630 3893 ἐκ
650 3829 684 3893 δ’
706 3825 872 3914 Αίγάπτου
892 3830 933 3895 τὰ
953 3829 1110 3916 κρεμαστοὶ

208 3913 302 3979 ‘herlu
323 3916 373 3977 καὶ
395 3910 549 3994 βίβλους·
570 3913 631 3978 ἀπὸ
655 3912 686 3979 δ’
710 3906 751 3979 ai
772 3914 889 4001 Συρίας
908 3912 1093 3994 λιβανωτόν·

207 3996 253 4062 Ἡ
270 3998 303 4063 δὲ
324 3997 402 4080 καλή
422 3994 532 4081 Κρήτη
553 3997 738 4084 κυπάριττον
757 4009 836 4065 τοῖσι
857 4005 994 4064 θεοῖσιν·

207 4080 254 4146 Ἡ
259 4080 369 4164 Λιβύη
391 4081 423 4146 δ’
437 4084 588 4169 ε’λίφαντα
609 4082 706 4148 πολδν
726 4085 849 4194 παράχει
871 4082 949 4149 κατὰ
969 4090 1097 4170 πρᾶσιν·

209 4167 253 4232 Ἡ
264 4162 371 4241 Ῥόδος
392 4168 568 4254 ἀσταφίδας
587 4194 620 4233 τε
641 4172 692 4232 καὶ
713 4171 842 4252 ίσχαδας
861 4166 1069 4257 ήδυονείρους·

214 4253 326 4338 Arimin
348 4252 403 4315 ἀπ’
427 4255 563 4335 Εὖβοίας
584 4254 693 4329 άπίους
718 4257 769 4318 καί
790 4254 861 4339 ἴφια
880 4256 974 4337 μῆλα.
