2768 4770
335 217 396 286 DE
415 210 559 297 numo.
580 210 768 286 COMOED.
788 213 896 286 ATT.
915 219 1061 298 anulo.
1214 227 1279 294 291

101 399 243 481 tempore
271 389 357 455 docta
386 387 478 453 fuerit
507 384 608 451 fabula
634 385 761 469 indicat,
803 406 868 453 cnm
898 388 999 478 priore
1028 390 1094 455 loco
1115 386 1280 460 Teleclidis
1310 374 1313 382 ¹

86 476 365 578 Amphictyonas,
390 470 556 561 posteriore
576 470 767 536 Pherecratio
788 471 903 538 Persas
923 483 1143 558 commemoret,
1174 480 1280 564 quihus

105 561 267 648 subrungit
286 557 497 645 Aristophanis
520 556 723 642 Tagenistas,
751 557 852 623 ultimo
875 559 999 646 denique
1020 562 1086 626 loco
1105 560 1278 663 Metagenis

104 647 334 747 Thuriopersas
367 651 398 707 et
422 641 616 730 Nicophontis
644 641 769 706 Sirenas
799 650 1018 727 commemorat,
1060 668 1134 732 quae
1164 648 1278 734 quidem

105 731 279 799 comoediae
299 748 439 813 nunquan
459 728 581 791 fuerunt
601 727 713 792 doctas.
751 725 930 815 Quamquam
952 737 1048 795 autem
1069 732 1163 821 ipsius
1182 733 1278 799 Athe-

103 819 179 884 naei
199 815 307 880 iudicio
328 834 389 878 uon
410 834 483 876 sane
504 811 625 876 multum
652 810 723 876 fidei
744 819 774 876 ct
794 815 975 879 auctoritatis
1002 816 1186 882 tribuendum
1209 841 1277 884 ceu·

106 923 178 985 seo,
206 900 279 965 satis
300 905 399 963 tamen
426 917 572 984 superque
593 898 715 984 apparet
741 918 806 962 eum
827 898 860 962 iu
880 899 938 965 hoc
958 899 1022 965 loco
1044 900 1277 969 doctissimorum

106 986 367 1076 grammaticorum
392 982 570 1047 sententiam
592 987 720 1047 secutum
743 1004 828 1066 esse,
855 985 983 1069 quitum
1005 993 1140 1051 accurate
1160 991 1278 1053 noverit

146 1090 166 1136 o
187 1076 319 1160 tompore
339 1088 469 1154 quaeque
484 1066 586 1132 fabula
607 1067 687 1131 edita
703 1067 756 1131 sit:
779 1081 896 1133 secutus
918 1076 1014 1135 antem
1034 1071 1125 1136 fuerit
1146 1070 1274 1139 velCal·

161 1155 228 1222 a'chi
248 1154 298 1218 vel
318 1152 423 1218 Aristo
442 1151 529 1216 banis
550 1150 683 1234 tabulas,
704 1151 754 1216 vel
775 1152 905 1219 Cratetis
926 1155 1051 1241 deniquo
1072 1164 1123 1221 aut
1143 1156 1276 1257 Carystii

103 1240 362 1330 Pergamenorum
388 1174 582 1341 didascalips,
609 1257 731 1323 quorum
758 1238 1003 1328 descriptionibus
1031 1243 1149 1331 saepius
1174 1250 1275 1325 ututur,

103 1325 190 1392 velut
205 1324 289 1394 VIII.
304 1346 323 1412 p
339 1325 404 1389 336
419 1321 464 1386 E:
490 1317 569 1386 Οότε
584 1320 643 1406 γὰρ
656 1323 857 1405 Καλλίμαχος
880 1323 948 1389 odire
958 1323 1182 1412 Ἀριστοφάνης
1198 1327 1275 1393 αὐτὸ

104 1408 302 1496 άνίγραψαν,
323 1407 388 1472 ἀλλ’
413 1405 485 1472 οὐδὲ
505 1406 536 1471 οἷ
556 1405 612 1482 τὰς
632 1407 664 1470 ἓν
684 1403 842 1494 Περγάμῳ
864 1408 1047 1496 ἀναγραφὰς
1067 1411 1275 1495 ποιησάμενοι.

103 1495 210 1582 ltaque
235 1496 292 1559 hoc
317 1500 396 1558 certe
424 1497 538 1557 constat
568 1491 601 1555 iu
628 1491 689 1556 illis
718 1492 887 1559 didascaliis
913 1495 1103 1562 Pherecratis
1134 1497 1275 1581 fabulam,

103 1598 182 1669 quae
203 1579 345 1669 iuscripta
366 1580 628 1652 cratruccattcm,
649 1584 797 1665 repertam
818 1601 896 1645 esse.
921 1580 985 1645 Iam
1005 1602 1078 1646 vero
1099 1581 1273 1648 Athenaeus

103 1664 224 1753 qmdem
244 1684 306 1728 non
332 1663 489 1745 dubitavit,
533 1661 603 1746 quin
631 1682 668 1725 ea
688 1683 774 1746 quem
800 1662 833 1726 in
860 1665 995 1729 manibus
1022 1666 1150 1730 habebat
1173 1667 1274 1732 fabula

104 1746 210 1819 mdem
239 1748 293 1814 illa
319 1749 373 1826 sit,
402 1745 535 1833 quaein
568 1744 737 1810 didasculiis
764 1747 823 1810 fuit
846 1749 1010 1831 recensita,
1037 1750 1136 1836 itaque
1158 1750 1274 1815 Phere-

100 1840 216 1901 cratem
228 1840 375 1899 auctorem
384 1828 605 1898 Ἀιτικώτατον
619 1830 705 1914 dixit,
723 1830 799 1917 qnod
810 1832 925 1916 quidem
937 1839 1068 1898 nontam
1080 1833 1117 1898 ad
1127 1836 1273 1899 sermonis

99 1919 306 2008 integritatem
328 1916 600 1997 estrumentum,
627 1935 712 2000 quarn
735 1915 772 1980 ad
792 1916 908 2004 ingenii
928 1917 1058 2006 leporem
1086 1923 1116 1982 et
1135 1919 1273 2004 gratiam,

101 2024 162 2095 qua
182 2005 311 2069 maxime
332 2003 437 2068 enituit
456 2002 670 2066 Pherecrates:
697 2002 755 2065 hae
777 2008 873 2066 autem
893 2001 1017 2067 virtutes
1038 1999 1272 2070 Atheniensibus

100 2108 157 2183 pro
177 2090 242 2154 riae
253 2088 436 2169 erantnnde
446 2086 580 2151 Pericles
593 2105 706 2170 quoque
721 2084 798 2174 apud
804 2086 1011 2172 Thucydidem
1021 2087 1061 2152 Π.
1067 2086 1119 2152 41ι
1130 2084 1273 2159 Ξονελάν

99 2194 136 2242 τε
207 2198 249 2256 ιο,
269 2174 381 2259 iuquit,
408 2168 464 2254 τήν
484 2193 516 2235 τε
538 2176 641 2235 πᾶσαν
661 2165 750 2235 πόλιν
770 2175 826 2252 τῆς
842 2167 991 2249 Ἑλλάδος
1010 2172 1168 2255 παίδευσιν
1187 2170 1271 2253 εῖναι,

100 2261 154 2325 καὶ
176 2258 255 2324 καθ’
280 2259 408 2323 ἕκαστον
428 2259 527 2321 δοκεῖν
553 2253 591 2320 dv
616 2281 671 2338 μοι
699 2253 754 2320 τόν
775 2254 869 2320 αὐτόν
894 2254 994 2342 ἄνδρα
1015 2255 1092 2342 παρ’
1114 2254 1203 2341 ἡμῶν
1222 2260 1270 2324 ἐπὶ

101 2343 217 2410 πλεῖστ’
241 2341 279 2407 ἂν
299 2343 437 2425 εἴδη-καὶ
457 2340 536 2423 μετὰ
554 2343 689 2425 χαρίτων
708 2338 829 2419 μάλιστ’
854 2338 893 2405 dr
913 2340 1104 2427 εὐτραπελῶς
1123 2341 1160 2407 τό
1180 2349 1271 2427 σῶμα

100 2427 255 2513 αὔταρκες
275 2428 475 2511 παρέχεσθαι.
519 2425 563 2490 At
583 2434 615 2489 ut
636 2426 673 2490 ad
693 2425 763 2490 illos
783 2424 974 2491 Pherecratio
992 2425 1101 2491 'versus
1123 2428 1271 2510 accedam,

99 2515 205 2580 insunt
225 2532 298 2578 sane
321 2533 394 2599 quac
416 2513 452 2576 ab
465 2510 557 2575 Attici
570 2510 715 2573 sermonis
736 2510 946 2574 consuetudine
967 2511 1128 2576 abhorrere
1149 2513 1270 2577 videau-

99 2607 162 2682 tur,
181 2620 284 2664 verum
305 2620 345 2662 ex
365 2598 413 2661 his
435 2597 494 2660 aba
515 2599 740 2681 corruptasuut,
763 2594 822 2659 alia
843 2591 916 2659 satis
937 2595 1047 2660 habent
1061 2598 1272 2664 excusationis.

98 2683 143 2749 Et
168 2684 202 2748 in
228 2682 357 2747 secundo
385 2681 501 2767 quidem
533 2700 623 2744 versu
656 2678 838 2766 εἰργασμένα
864 2680 940 2745 mim
973 2682 1047 2749 sutis
1074 2687 1105 2746 ot
1129 2682 1270 2748 insolenti

98 2769 189 2837 modo
211 2768 319 2834 dictum
340 2773 404 2831 est:

187 2851 324 2938 Πλούτῳ
346 2850 378 2915 d'
402 2847 490 2914 ἐκεῖν’
512 2839 550 2931 ἦν
570 2842 670 2912 πάντα
692 2849 943 2932 συμπεφυρμένα,

182 2935 236 3001 Ἐν
256 2943 349 3001 πᾶσιν
369 2934 502 3019 ἀγαθοῖς
523 2930 623 2997 πάντα
645 2929 759 3018 τρόπον
780 2932 973 3018 εἰργασμένα.

84 3023 143 3090 ‚At
168 3043 243 3088 uero
271 3022 430 3110 scripserat
449 3019 647 3083 Pherecrates
677 3017 920 3102 ὥργαομένα,
954 3015 1031 3103 quod
1058 3036 1123 3080 cum
1148 3037 1269 3104 praecc-

97 3108 183 3174 denti
204 3106 346 3172 uocabulo
367 3102 607 3190 συμπεφυρμένα
629 3104 736 3190 optime
757 3103 912 3189 congruit:
934 3098 1069 3188 ὂργάζιιν
1090 3100 1169 3167 enim
1189 3099 1267 3165 idem

95 3193 166 3259 fere
189 3191 265 3278 quod
286 3187 394 3276 φόρον
415 3195 475 3271 est,
496 3188 661 3253 Atticorum
683 3193 780 3253 autem
801 3205 938 3253 sermone
958 3187 1032 3252 satis
1053 3183 1162 3252 tritum.
1194 3184 1267 3251 Ari·

96 3277 261 3369 stophanes
281 3276 314 3340 in
335 3275 451 3340 Avibus
472 3295 501 3339 v.
523 3271 606 3338 840:
1224 3281 1227 3286 '

185 3357 328 3436 Χάλαιοις
348 3354 538 3446 παραφόρει,
560 3354 659 3440 πηλὸν
679 3351 797 3429 ἀποδὺς
818 3350 961 3440 ὄργασον.

95 3445 400 3515 uniuersitatem
421 3442 575 3532 Eupolidis
596 3437 774 3530 Prospaltiis
795 3439 853 3505 boc
872 3435 1044 3526 adscripsit:

300 3560 301 3563 ¹
400 3527 447 3592 Ἢ
464 3526 562 3610 πηλὸν
583 3525 717 3610 όργάζιιν
735 3519 816 3590 τινά.

96 3625 131 3685 ot
148 3615 193 3685 So
213 3615 314 3681 hocles
335 3636 375 3680 ex
395 3613 537 3678 Pandora
555 3610 610 3677 Fr.
630 3611 712 3677 432:

117 3792 131 3853 t
184 3637 252 3766 dar
272 3705 395 3789 πρῶτον
415 3696 510 3784 ἀργὸν
530 3695 627 3779 πηλὸν
644 3690 780 3781 όργάζειν
796 3694 910 3778 χεροῖν.

97 3808 116 3854 o
147 3803 271 3855 rursus:

182 3871 316 3949 Θέλοιμι
337 3867 435 3952 πηλόν
456 3860 596 3952 όργάσαι.

95 3955 188 4023 Plato
215 3956 341 4039 denique
365 3952 399 4018 in
420 3951 587 4018 'lheaetcto
606 3966 637 4059 p
660 3945 724 4014 194
744 3942 786 4012 0:
810 3940 909 4010 Ὅταν
926 3940 984 4025 μὲν
1004 3937 1022 4005 ό
1042 3936 1135 4026 κηρός
1153 3965 1210 4007 του
1231 3942 1264 4008 ἓν

95 4047 136 4126 τῆ
157 4045 245 4126 ψυχῇ
272 4035 377 4120 βυθός
402 4061 435 4103 τε
461 4038 513 4101 καὶ
540 4039 637 4110 πολυς
657 4035 708 4096 καὶ
733 4036 811 4105 λεῖος
842 4031 893 4095 καὶ
917 4026 1048 4111 μετρίως
1067 4024 1263 4112 ὠργασμένος

95 4105 132 4216 ᾗ,
163 4127 203 4191 τὰ
230 4121 316 4190 ἰόντα
344 4120 398 4187 διὰ
415 4125 478 4187 τῶν
498 4115 674 4202 αἰσθήσεων
694 4120 746 4182 ἒνσ
765 4113 934 4196 μαινόμενοι
959 4113 1001 4186 εἰς
1026 4116 1120 4178 τοῦτο
1145 4111 1182 4177 τό
1207 4118 1263 4195 τῆς

95 4215 204 4296 ψυχῆς
215 4204 299 4295 κέαρ.
320 4207 403 4273 ΙιΙοιιι
423 4213 521 4277 subm
541 4202 699 4291 essequod
718 4224 828 4290 φυριιν
846 4206 877 4266 et
894 4191 1037 4284 μιγνύναι
1056 4195 1262 4264 docetNicsn-

95 4297 153 4366 der
172 4295 316 4365 Thuriae.
336 4295 416 4362 651:

996 4381 1067 4450 19·
