2760 4792
149 178 214 247 alo
529 180 934 249 COMMENTATIONES

149 349 362 436 „Pythagoras
384 347 496 413 scillam
519 349 550 411 in
578 348 678 412 limine
706 370 817 434 quoque
844 350 951 413 ianuae
977 369 1149 435 suspensam
1173 350 1314 417 malorum

149 436 422 499 medicamentorum
444 434 592 495 introitum
634 432 726 497 ellere
747 434 867 497 tradit.“
910 434 989 498 Huic
1009 440 1105 497 autem
1127 444 1258 501 mortuos
1279 440 1315 501 alu

149 520 262 583 inferos
283 518 424 582 evocandi
447 518 503 579 arti
524 525 590 604 post
605 454 799 604 Pythagorae
821 526 945 581 aetatem
965 518 1064 606 plures
1086 539 1205 619 operam
1228 520 1316 585 clele-

148 615 233 683 ναοί,
268 603 366 687 itaque
396 602 497 664 comici
524 622 635 686 quoque
689 610 772 666 oetae
798 603 916 665 sacius
951 603 1005 665 hac
1036 623 1134 689 specie
1163 604 1211 667 usi
1236 616 1315 683 suut,

151 690 191 751 uti
211 688 335 774 Eupolis
357 707 468 770 quoque
489 687 520 748 in
541 686 637 773 Pagis
679 685 810 767 olonem,
833 624 906 750 ahos
925 708 964 750 ex
981 686 1058 751 Orco
1077 688 1230 753 suscitant.
1299 734 1302 739 -

235 771 285 836 Ad
305 773 382 834 hanc
404 778 500 833 autem
516 771 678 834 animorum
694 771 892 834 evocationem
906 770 984 834 aliud
1007 772 1094 834 etiam
1115 772 1163 835 [τι
1216 780 1315 839 eutum

148 858 298 946 pertinere
319 855 452 935 videtur,
479 854 556 939 quod
582 854 693 941 legitur
714 855 789 942 apud
810 855 961 919 Pollucem
983 854 1037 922 vl.
1058 856 1114 922 98:
1181 860 1213 919 al
1235 856 1315 923 ἀσιί-

148 947 261 1021 μινθος
289 940 321 1003 δὲ
348 937 494 1022 ποτήριον
520 937 558 1001 ἀν
587 939 649 1020 εἴη,
683 935 725 1013 ὡς
744 935 882 1023 Ὅμηρός
912 962 945 1003 τε
971 934 1095 1022 μηνύει,
1128 939 1313 1027 Τηλεμάχου

148 1024 286 1099 διδόντος
308 1024 451 1108 Μενιλίῳ
474 1020 523 1086 δύ’
548 1020 759 1102 ἀσαμίνθους·
782 1027 832 1086 καὶ
854 1027 1008 1108 Κρατῖνος
1030 1026 1062 1088 ἐν
1082 1026 1243 1109 Χιίροσιν·

231 1109 288 1185 Ἐξ
310 1108 486 1188 ἀσαμίνθου
508 1103 628 1182 κάλικος
649 1111 768 1187 λείβων.

147 1195 272 1260 Homeri
308 1194 387 1257 locus
421 1200 467 1255 est
501 1190 610 1276 Odyss.
642 1192 696 1259 lv.
725 1192 803 1273 128,
846 1191 899 1256 sed
932 1213 996 1255 cum
1029 1187 1205 1271 ἀοάμινθος
1235 1196 1312 1285 apoll

147 1280 307 1345 Homerum
330 1278 437 1361 ubique
458 1276 607 1360 significet
628 1276 759 1356 labrum,
780 1277 810 1340 iul
831 1284 900 1364 puto
922 1277 1010 1340 etiam
1031 1278 1063 1339 in
1084 1278 1171 1342 istum
1191 1300 1310 1345 versum

147 1365 267 1443 cadere,
296 1361 468 1449 praesertim
490 1380 554 1423 cum
581 1360 694 1444 reliqua
716 1361 808 1441 (lona,
836 1383 910 1445 quae
936 1370 1214 1445 commemorantur,
1242 1386 1311 1429 con-

147 1456 257 1535 gruant
284 1469 346 1509 cum
376 1447 430 1508 hac
461 1467 499 1507 ex
522 1445 671 1526 hostiens,
700 1468 767 1509 naum
795 1447 955 1509 ahenorum
983 1466 1095 1530 quoque
1122 1468 1193 1511 usus
1213 1450 1246 1513 in
1267 1448 1310 1515 la-

147 1532 257 1610 vando,
284 1530 343 1594 vicl.
372 1530 481 1603 oupss.
526 1530 545 1592 ⁷.
568 1532 639 1594 361.
683 1528 821 1594 Ceterum
849 1530 965 1595 Cratini
997 1532 1137 1595 memoria
1167 1534 1310 1621 repetitur

140 1616 222 1704 'apud
245 1615 395 1678 Pollucem
419 1602 462 1678 X.
484 1613 539 1677 hl:
572 1615 641 1675 Kal
664 1639 710 1677 τοι
737 1613 769 1676 ἕν
790 1638 821 1697 γε
846 1624 911 1689 τοῖς
931 1616 1087 1697 Κρατίνου
1107 1612 1227 1698 Ἥρωσι
1254 1616 1309 1701 τήν

141 1698 320 1779 ’ἀσάμινθον
335 1696 463 1777 κιβωτὸν
479 1703 607 1774 νοοῦσιν,
630 1696 701 1762 ἔνιοι
723 1700 757 1761 δὲ
777 1697 913 1780 ἴκπιομα.
938 1700 988 1763 uhi
1009 1700 1122 1764 scribas
1135 1703 1307 1779 Χείρωσινι

142 1785 330 1869 nequeenim
343 1784 483 1848 Cuntinus
497 1784 616 1870 scripsit
627 1783 762 1864 Heroas,
778 1805 947 1869 quamquam
965 1784 1051 1848 otiam
1064 1783 1173 1849 Suillas
1186 1786 1228 1851 Τ.
1238 1786 1264 1853 l.
1279 1810 1305 1877 p.

142 1870 205 1934 193
218 1866 523 1952 ΚρατῖνοςἭρωσιν,
536 1868 587 1931 secl
602 1869 643 1932 ibi
656 1867 782 1948 Κράτης
793 1868 1008 1949 corrigendum.
1025 1866 1215 1948 Ἀσαμίνθου
1226 1868 1305 1935 κάλι-

142 1980 195 2029 κος
207 1962 301 2017 autom
318 1955 359 2017 ita
378 1954 482 2016 dictum
500 1964 555 2032 est,
574 1961 605 2015 ut
623 1953 698 2039 apud
710 1953 912 2038 Phrynichum
931 1953 961 2015 in
974 1953 1118 2017 Poastriis
1133 1977 1180 2043 ap.
1194 1954 1304 2021 Athen.

140 2039 179 2103 X.
191 2060 220 2127 p.
231 2037 295 2102 424
307 2037 347 2102 C:
375 2033 478 2098 Κίλπί
493 2035 666 2116 ἀρύστιχοι.
681 2043 711 2098 et
723 2038 797 2123 apud
812 2037 1041 2123 Aristophanem
1055 2039 1086 2102 iu
1096 2039 1177 2103 Pace
1192 2042 1303 2108 veto:

228 2119 341 2203 Φήσιις
361 2120 409 2202 y',
432 2120 553 2184 ἐπειδὰν
574 2123 676 2202 ἐκπίῃς
697 2122 765 2181 aloe
790 2118 928 2182 κύλικα
953 2120 1153 2205 λεπαστήν.

139 2206 191 2271 Sic
218 2208 296 2272 enim
325 2207 376 2268 ille
404 2226 507 2266 vorsus
535 2204 651 2266 videtur
677 2205 874 2268 restituendus
897 2227 982 2269 esse:
1008 2207 1099 2294 vulgo
1127 2207 1212 2273 οἴνου
1234 2208 1302 2273 νίον

138 2290 291 2370 λεπαστήν
319 2289 444 2375 legitur,
479 2288 530 2351 secl
558 2288 730 2351 Athenaeus
758 2288 810 2351 xl.
832 2312 861 2377 p.
881 2288 946 2353 485
968 2290 1012 2372 A,
1055 2292 1105 2355 ubi
1132 2292 1188 2355 hoc
1213 2314 1302 2359 versu

139 2377 244 2455 ulitur,
273 2373 355 2435 οίνου
383 2369 489 2435 κύλικα
518 2371 669 2452 λεπαστήν
695 2372 830 2453 exhibet,
859 2374 963 2461 scripsi
990 2376 1082 2461 igitur
1104 2375 1172 2440 νίου
1193 2372 1302 2441 κάλιιια

137 2454 297 2540 λεπαστήν.
341 2457 382 2520 Et
412 2458 486 2545 apud
515 2457 736 2547 Theopompum
764 2458 795 2521 in
823 2456 913 2523 llleclo
942 2459 1032 2547 (apud
1058 2460 1169 2527 Athen.
1196 2460 1252 2529 xl.
1272 2484 1300 2551 p.

134 2544 198 2612 485
221 2543 271 2655 C.)
294 2544 499 2629 corrigendum
522 2564 644 2606 conseo:

223 2632 297 2693 Οιον
319 2627 348 2691 δ’
374 2626 410 2690 οὗ
432 2625 542 2707 κήλησε
564 2629 659 2706 δίμας
680 2626 788 2690 λεπτὸν
803 2622 1024 2708 Ῥαδάμανθυν

218 2712 423 2795 Λύσανδρον,
446 2710 604 2774 κώθωνα
626 2715 697 2791 πρὶν
719 2711 804 2796 αὐτῷ
826 2715 903 2776 δῶκε
924 2706 1123 2795 λεπαστήν.

177 2798 181 2803 ’
218 2798 319 2862 Sacris
342 2805 437 2860 autem
459 2808 489 2859 et
509 2797 728 2862 lustrationibus
748 2798 809 2861 illis
830 2799 887 2860 rite
907 2797 1046 2884 perlectis
1068 2795 1162 2862 Solon
1182 2796 1300 2863 videtur

13 2934 22 2953 .
133 2886 169 2949 ab
191 2884 298 2947 inferis
320 2883 492 2945 advenisse:
534 2903 651 2946 norsum
673 2890 805 2970 spectant
826 2882 882 2945 duo
904 2903 1024 2963 versus,
1047 2903 1118 2966 quos
1140 2881 1298 2947 Dioreues

132 2971 236 3034 Laert.
258 2968 281 3031 l.
300 2968 354 3048 62,
375 2968 423 3030 uhi
446 2966 483 3030 de
505 2903 624 3030 Colonis
647 2977 740 3031 morte
761 2967 891 3047 disserit,
912 2967 1081 3054 adscripsit:
1100 2934 1298 3049 Ἔτελεδτησε

131 3054 162 3118 δ’
187 3056 218 3117 ἒν
240 3049 360 3138 Κύπρῳ
381 3050 471 3131 βιοδς
492 3049 544 3132 ἔτη
566 3049 765 3134 ἀγδοήκοντα,
795 3056 904 3115 τοῦτον
924 3048 1097 3133 ἐπισκήψας
1123 3060 1187 3127 τοῖς
1207 3052 1298 3127 ίδίοις

129 3140 184 3203 τδν
203 3135 331 3223 τρόπον,
375 3136 559 3216 ἀποκομίσαι
583 3135 677 3200 αὐτοῦ
700 3135 738 3200 τά
759 3135 836 3201 toro
858 3138 899 3210 τίς
920 3138 1082 3215 Σαλαμῖνα
1104 3139 1155 3199 καὶ
1175 3132 1297 3220 τεφρώ-

130 3248 244 3299 σαντας
264 3226 306 3297 εἰς
326 3221 383 3305 τήν
400 3219 506 3305 χώραν
527 3231 657 3305 σπεῖραι.
680 3219 754 3286 ὅθεν
775 3224 824 3284 καὶ
846 3223 1001 3305 Κρατῖνος
1022 3222 1054 3285 ἐν
1075 3229 1139 3297 τοῖς
1157 3222 1298 3305 Χείρωσί

127 3333 222 3397 φησιν
243 3306 337 3371 αὐτὸν
359 3313 454 3370 ποιῶν
473 3305 613 3390 λίγυντα·

218 3397 300 3457 Οίκῶ
323 3392 357 3455 δὲ
376 3399 484 3472 νῆσον,
507 3388 549 3466 ὡς
568 3392 624 3470 μὲν
644 3385 819 3473 ἀνθρώπων
838 3385 936 3472 λόγος,

206 3477 414 3560 Ἐσπαρμένος
436 3474 513 3538 κατά
536 3482 638 3539 πᾶσαν
658 3476 795 3550 Αἴαντος
816 3470 913 3541 πόλιν.

127 3564 220 3631 Solon
248 3564 324 3627 enim
353 3584 391 3626 ex
418 3562 496 3625 Crco
523 3564 698 3641 arcessitus,
726 3562 776 3624 uhi
804 3560 936 3647 sepultus
962 3561 1017 3640 sit,
1044 3557 1197 3647 explanat:
1226 3580 1293 3623 cum

126 3653 203 3715 enim
225 3648 282 3737 ipsi
303 3646 504 3710 Athenienses
527 3667 585 3708 non
608 3646 681 3709 satis
704 3652 784 3709 certo
805 3645 929 3709 scivisse
950 3644 1120 3722 videantur,
1148 3664 1205 3727 quo
1226 3642 1293 3708 loco

125 3736 240 3824 sepulta
265 3732 326 3795 siut
351 3729 471 3793 Solonis
499 3751 585 3810 ossa,
617 3741 703 3818 poeta
730 3730 771 3793 ita
799 3729 940 3808 instituit,
969 3736 1000 3792 ut
1026 3749 1066 3791 ex
1093 3728 1157 3815 ipso
1179 3726 1294 3791 Solone

124 3824 329 3906 quaereretur,
373 3815 421 3877 uhi
444 3822 524 3878 esset
545 3815 694 3894 humatus,
716 3815 908 3898 quoniamque
929 3812 980 3876 ille
1000 3812 1032 3876 in
1054 3813 1143 3876 rehus
1164 3808 1294 3877 Salami-

123 3906 182 3968 niis
211 3902 338 3968 maxime
363 3900 489 3986 egregie
515 3898 552 3962 de
578 3900 674 3986 patria
699 3905 764 3962 erat
789 3899 927 3979 meritus,
953 3897 1033 3961 lama
1059 3897 1117 3961 ista
1140 3917 1210 3963 usus
1233 3904 1292 3975 est,

122 3988 243 4054 Solonis
265 3987 379 4049 cineres
401 4006 454 4071 per
480 4003 595 4047 omnem
621 3983 747 4047 insulam
770 3982 923 4045 Salamiua
949 4002 1016 4045 esse
1038 3980 1205 4068 dispersos,
1233 4000 1291 4066 quo

121 4073 304 4161 significaret
324 4068 406 4132 illurn
420 4068 467 4132 vel
490 4075 632 4131 mortuum
644 4066 824 4131 Salaminem
846 4067 924 4129 onmi
938 4088 1009 4130 cura
1024 4064 1289 4153 comprehendere:

121 4168 171 4223 aut
190 4160 255 4245 ipse
276 4152 416 4218 Cratinus
437 4154 549 4240 primus
573 4153 657 4216 huius
679 4152 805 4215 rumoris
828 4152 883 4214 luit
905 4157 1016 4232 auctor,
1030 4170 1209 4299 quamnquam
1231 4150 1288 4213 hoc

119 4243 234 4329 quidem
262 4240 356 4305 minus
385 4238 522 4303 convenit
557 4258 621 4302 cum
649 4236 709 4300 illis
738 4236 855 4317 verbis,
891 4256 965 4319 quae
992 4235 1073 4299 adut
1098 4242 1200 4321 paoem,
1244 4230 1287 4311 ὡς
