2760 4792
285 221 346 291 DE
366 220 511 300 RELIQ.
532 219 722 290 comodo.
742 221 850 289 ΑΤΤ.
869 221 1014 298 amulo
1170 225 1238 293 15⁷.
1295 287 1304 293 .

142 387 199 467 Ὦς
219 387 257 454 όν
276 395 395 471 μᾶλλον
414 398 480 468 τοῖς
500 389 661 473 πηδαλίοις
680 385 787 472 ἦναῦς
806 385 895 473 ἡμῶν
915 395 1081 478 πειθαρχῇ.
1102 406 1104 408 ’

60 477 210 543 Dicuntur
249 478 326 540 eninr
364 476 440 540 haec
475 497 494 540 a
526 475 616 540 choro
654 475 801 540 sociorum
837 475 875 540 ad
908 475 1071 566 Cyclopum
1104 477 1232 544 insulam

62 561 271 627 accedentium.
296 559 348 624 Ad
368 559 492 625 eandem
511 566 624 648 partem
645 559 765 625 fabulae
806 561 913 625 ertinet
931 560 1010 626 alius
1030 582 1136 627 versus
1157 563 1232 652 apud

58 644 291 714 Grammaticum
316 645 350 709 in
369 643 508 709 Belskeri
527 643 691 710 Anecdotis
719 644 760 710 Τ.
783 581 808 710 l.
837 666 867 733 p.
888 643 972 727 445,
994 645 1049 711 14:
1086 645 1231 731 Ἄρκτον·

53 730 129 812 ‘cdxl
150 727 263 815 άρκον·
302 726 470 805 Ὀδασσεδς
491 728 523 794 έν
544 727 680 829 ἀριστέρ’
710 726 755 792 ἀεὶ
776 727 834 810 τὴν
854 727 968 811 ἄρκτον
994 727 1072 814 έχων
1092 729 1234 813 λάμπον·-

61 840 121 880 σαν
147 815 204 890 ἕως
235 809 413 899 δνεοφερής.
464 812 629 882 Verissrme
662 814 741 878 enim
767 813 941 880 Meiuekius
970 816 1008 881 ad
1034 816 1234 885 Menandrum

62 921 90 990 p.
111 901 155 966 86
182 898 315 986 scripsit:
347 902 504 982 Κρατῖνος
520 897 733 964 Ὀδυσσεῦσιν·

144 982 213 1048 Ἐπ’
227 982 358 1069 ἀριστέρ’
375 985 421 1048 ἀεὶ
442 983 497 1064 τὴν
514 980 626 1068 άρκτον
648 982 724 1066 έχων
738 978 933 1068 λόμποασαν,
955 981 1013 1060 έως
1032 981 1072 1047 δν
1091 984 1233 1071 έφεόρης.

62 1069 131 1135 Non
151 1075 248 1134 tamen
271 1076 355 1150 sunt,
376 1069 454 1154 quod
474 1069 619 1157 opinatur,
641 1067 698 1134 Cal
740 1089 791 1134 sus
811 1068 914 1149 verba,
936 1070 982 1133 cui
1004 1069 1103 1135 nullus
1124 1071 1156 1135 in
1176 1073 1233 1137 hac

63 1154 212 1229 comoedia
233 1154 313 1218 locus
336 1153 584 1235 concessus‚·sed
605 1161 719 1219 transtu
732 1155 756 1218 it
776 1154 902 1218 comicus
924 1154 1002 1240 quod
1023 1176 1041 1219 a
1060 1154 1104 1230 ud
1120 1155 1232 1221 Home-

62 1261 126 1303 rum
155 1237 286 1327 Calypso
308 1237 392 1305 Ulixi
419 1239 451 1303 in
477 1239 602 1328 patriam
628 1240 759 1304 redituro
786 1241 886 1327 praeci
905 1239 945 1321 it,
972 1239 1011 1304 ad
1030 1177 1088 1304 doe
1116 1241 1174 1305 iter
1198 1242 1231 1306 in

64 1322 234 1412 Cyclopiam
255 1324 398 1389 insulam:
432 1332 533 1388 uerte
559 1324 638 1389 enim
658 1333 776 1391 secutus
802 1331 849 1388 est
897 1325 1011 1390 rannus
1032 1324 1159 1392 Homeri
1179 1347 1232 1391 ex-

63 1409 204 1498 emplum,
224 1408 284 1472 uid.
306 1408 416 1496 Odyss.
437 1346 476 1477 ll.
497 1411 575 1473 270:

145 1491 258 1578 Αὐτὰρ
280 1491 296 1557 t
318 1496 458 1580 πηδαλίῳ
480 1489 604 1558 ἰθάνετο
625 1493 806 1578 τεχνηέντως

139 1576 284 1659 Ἥμονος·
308 1578 381 1643 οὐδέ
401 1578 430 1642 oi
450 1575 545 1654 όπνος
566 1580 615 1642 lul
635 1576 836 1664 βλεφάροισιν
856 1575 978 1645 έπιπτεν

144 1660 309 1744 Πληϊάδας
329 1662 360 1727 τ’
385 1664 529 1745 ἐσορῶντι
551 1665 602 1725 καλ
624 1661 685 1742 ὀψὲ
706 1661 820 1727 δόοντα
840 1662 980 1747 Βοώτην,

137 1744 267 1831 ’Άρκτον
287 1746 346 1828 θ’,
371 1743 408 1828 ἣν
430 1747 481 1809 καὶ
508 1743 631 1825 ῶμοξαν
658 1748 813 1827 ἐπίκλησιν
833 1750 1004 1826 καλέσασιν,

137 1829 183 1896 Ἥ
203 1831 234 1896 τ’
258 1829 355 1894 αὗτοῦ
378 1829 541 1915 στρέφεται
563 1829 618 1892 καί
635 1828 665 1893 τ’
686 1830 821 1913 Ὠρίωνα
842 1829 967 1911 δοκεόει,

149 1915 210 1999 Οἴη
231 1913 262 1980 τ’
287 1912 428 2000 δίμμορός
448 1915 512 1979 ἔστι
534 1918 667 1998 λοετρῶν
683 1912 867 1979 Ὠκεανοῖο,

147 1999 217 2081 Τὴν
236 1997 296 2084 γάρ
318 1996 356 2080 δή
376 2026 431 2081 μιν
451 1997 546 2084 daupu
559 1997 719 2079 Καλυψώ,
743 2001 794 2063 δῖα
815 1993 928 2075 θεάων,

143 2084 461 2167 Ποντοπορεοέμεναι,
484 2083 534 2148 ἐπ’
558 2082 705 2169 άριστιρὰ
722 2083 824 2169 χειρός
845 2083 965 2167 έχοντα.

65 2167 223 2258 Cyclopem
244 2191 315 2234 vero
334 2169 482 2234 hominem
502 2169 673 2251 immanem,
696 2190 780 2255 quem
791 2170 917 2238 Homeri
938 2166 1231 2254 carmiuaexhibeut,

64 2252 109 2319 his
129 2256 266 2321 versibus
287 2254 360 2319 fecit
379 2253 479 2320 Ulixis
501 2255 598 2318 socios
619 2254 789 2342 increpare:
894 2314 895 2317 ,
1248 2283 1250 2287 ’

36 2380 53 2413 s
109 2370 114 2379 ¹
137 2331 240 2404 Ἦσθε
262 2341 443 2424 πανημέριοι
462 2335 683 2426 χορταζόμενοη
700 2336 779 2421 γάλα
800 2335 916 2417 λευκόν,

140 2423 231 2490 uvo'
256 2414 299 2488 ῶν
320 2421 437 2500 πάντας
458 2423 535 2488 ἑλῶν
554 2420 636 2504 ὑμῶς
657 2425 781 2508 έρέηρας
802 2420 944 2507 ἑταίρους

149 2507 290 2595 Φρόξας,
312 2506 447 2591 ἑψήσας,
475 2506 549 2571 κάπ’
574 2507 747 2589 ἀνθρακιᾶς
768 2506 906 2590 ὀπτήσας

145 2596 201 2670 Εἰς
221 2592 323 2676 ἅλμην
343 2618 375 2658 τε
396 2596 447 2657 καὶ
468 2589 605 2674 ὀξάλμην
625 2584 694 2656 κάτ’
718 2596 750 2670 ές
770 2590 987 2678 σκοροδάλμην

145 2679 279 2762 Χλιερδν
300 2675 478 2759 ἐμβάπτων,
507 2674 541 2754 ὃς
562 2676 600 2740 dv
621 2675 789 2755 ὀπτότατός
808 2703 863 2761 μοι
884 2674 1028 2742 ἁπάντων

140 2760 247 2845 Ὑμῶν
268 2766 430 2849 φαίνηται,
452 2759 687 2845 κατατρώξομαι
693 2809 703 2840 ,
730 2755 756 2828 ῶ
777 2769 957 2849 πατριῶται.

60 2845 194 2913 Primum
219 2871 336 2914 versum
358 2848 531 2913 Athenaeus
572 2848 628 2913 Ill.
655 2871 684 2936 p.
705 2849 748 2914 99
775 2848 802 2913 F
849 2849 974 2914 referte
1002 2846 1231 2928 Χορτασθῆνοιι

60 2931 191 3014 εἴρηται,
225 2924 250 2997 ῶ
277 2931 414 3012 δαιμόνιε
441 2931 577 3017 ἀνδρῶν,
605 2932 690 3014 παρὰ
715 2933 772 3014 μὲν
831 2935 944 3020 ρατένῳ
975 2931 1008 2997 έν
1031 2929 1231 2996 Ὀδυσσεῦσιν

61 3014 174 3093 οὕτως·
188 3008 290 3082 Ἦσθε
313 3020 390 3101 (cod.
408 3017 449 3082 B:
471 3011 567 3100 ἦσθα,
589 3017 616 3082 Ρ
637 3011 749 3103 ἧσθαι)
772 3019 953 3100 πανημέριοι
971 3020 1035 3081 κτλ.
1056 3023 1137 3081 recte
1157 3037 1230 3080 vero

59 3092 138 3184 ἦσθε
160 3102 333 3168 Priscianus
355 3103 522 3192 suppeditat
541 3102 583 3167 Τ.
604 3102 644 3166 Π.
665 3125 693 3190 ρ.
715 3105 778 3169 271
801 3105 846 3168 ed.
867 3103 978 3168 Krehl:
1000 3096 1230 3185 Χορτοιζόμενοι

57 3188 150 3251 τοῦδε
172 3191 223 3251 καὶ
244 3191 337 3286 spicis·
359 3191 515 3271 Κρατῖνος
526 3185 740 3252 Ὀδυσσεῦσιν·
755 3179 857 3252 Ἧσθε
879 3213 951 3252 παν.
972 3186 1023 3251 ubi
1043 3185 1230 3250 scribendum

56 3267 143 3349 τόδε,
170 3273 246 3337 hanc
266 3294 360 3361 ipsam
382 3273 460 3337 enim
482 3273 726 3338 constructionem
748 3270 866 3338 Cratini
885 3293 992 3337 versus
1032 3271 1131 3335 coliata
1157 3269 1231 3336 alte·

56 3377 122 3422 ram
144 3363 318 3421 structuram
340 3357 471 3446 reperies
494 3357 570 3446 apud
592 3356 822 3446 Aristophanem
842 3359 875 3422 in
896 3291 1049 3442 Gerytade
1068 3353 1124 3420 Fr.
1136 3353 1176 3424 V.

147 3437 301 3523 Θεράπεοε
322 3444 371 3504 καὶ
391 3439 520 3524 χόρταζε
547 3447 610 3506 τῶν
628 3444 800 3530 μονῳδιῶν.
1340 3507 1343 3512 ,

56 3523 112 3590 sed
133 3526 267 3613 iungitur
293 3548 366 3590 sane
393 3527 481 3591 etiam
511 3547 576 3591 cum
598 3527 696 3592 dativo
717 3527 794 3618 apud
815 3523 993 3616 Amphideur
1013 3524 1046 3590 in
1067 3520 1161 3602 Coelo
1182 3545 1231 3614 ap.

55 3607 245 3676 Athenaeum
266 3610 330 3676 looo
352 3632 437 3696 quem
458 3633 548 3700 supra
568 3611 646 3677 dixi:

363 3699 418 3770 Εἷς
439 3694 494 3779 τὴν
514 3695 647 3782 ἑσπέραν
664 3694 854 3783 χορτάζομεν

136 3776 266 3844 ’Ἅπασιν
287 3776 429 3864 ἀγαθοῖς.

55 3862 119 3928 nisi
138 3864 217 3929 forte
236 3865 278 3930 ibi
291 3866 498 3976 corrigendum
517 3863 759 3951 χορτάζομαι
776 3864 835 3930 Ἐν
854 3860 968 3930 άπασιν
982 3859 1123 3949 ἀγαθοῖς.
1141 3862 1230 3931 Cete-
1352 3877 1361 3894 ‘

55 3968 123 4012 rum
144 3950 265 4014 verbum
289 3953 536 4033 χορταζεσθαιο
556 3952 716 4039 pecudibus
746 3951 782 4015 ad
810 3949 1144 4016 homines-translatum
1166 3971 1229 4014 ser-

55 4033 138 4097 moni
157 4034 307 4100 hominum
330 4036 366 4099 de
383 4035 473 4123 plebe
494 4038 645 4117 convenit,
667 4037 750 4100 decet
770 4036 863 4123 igitur
885 4033 1061 4124 Cyclopem,
1082 4034 1230 4098 hominem

55 4115 214 4184 immanem
236 4128 266 4183 et
285 4120 402 4186 rudem:
424 4128 527 4208 postea
548 4143 612 4185 cum
624 4120 757 4187 Graecus
772 4142 869 4187 sermo
890 4119 1039 4184 barbariei
1059 4119 1127 4183 labe
1148 4123 1231 4182 esset

56 4200 201 4286 inlectus,
229 4204 285 4268 hoc
304 4205 428 4269 verbnm
451 4208 494 4270 sic
515 4211 626 4270 temere
654 4205 836 4294 dictampno
857 4205 957 4269 verbis
979 4208 1107 4268 edendi.
1149 4202 1229 4266 Huic

58 4293 157 4353 autem
183 4288 277 4377 primo
304 4289 404 4355 versui
431 4289 630 4378 subiungendi
657 4298 742 4355 erant
769 4291 896 4376 quinque
923 4288 991 4371 alii,
1017 4309 1056 4353 ex
1083 4289 1137 4351 hac
1164 4288 1230 4374 ipsa
