2768 4770
107 204 150 272 12
486 198 889 271 COMMENTATIONES

107 368 362 460 protomartirem
387 374 420 439 in
440 373 601 444 Villoisoni
619 372 734 441 Anecd.
756 373 799 441 Τ.
819 375 860 441 Π.
880 395 910 464 p.
929 373 973 441 93
994 380 1024 441 ct
1043 373 1076 440 in
1097 374 1144 441 ed.
1164 373 1282 447 Dindf..

107 483 136 550 p.
156 461 209 527 57.
250 464 322 524 Νῦν
340 458 397 542 μέν
416 456 585 546 Λειόφιλος
605 455 705 544 ἄρχει,
743 456 912 545 Λεῶφιλος
932 461 961 523 δ’
982 460 1149 547 ἐπικρατεῖ,
1178 462 1278 527 Λειο-Ι

109 545 190 632 ‹pilo›
212 544 246 608 δὲ
272 541 372 608 πάντα
399 553 509 623 κεῖται,
542 540 689 631 Λεῶφιλε
716 547 745 609 d'
772 542 873 609 dinoot.
916 544 957 609 Et
976 566 1048 609 usus
1070 553 1117 612 est
1135 546 1185 610 his
1206 568 1277 613 var·

108 631 190 695 sibus
210 630 270 694 iam
289 631 444 694 Porsonus
464 631 599 694 Praefat.
626 630 664 695 ad
685 630 799 696 Hecub.
821 630 924 719 Eurip.
945 652 975 718 p.
994 628 1099 714 XXV,
1152 631 1182 696 ui
1209 654 1278 699 cum

107 716 140 780 in
160 715 263 779 comici
283 716 418 780 versibus
431 715 517 804 apud
537 715 728 781 Plutarchum
747 716 914 802 legeretur:
936 716 1100 797 Μητίοχος
1119 651 1154 779 dl
1174 713 1279 783 πάντα

108 809 269 949 tt‘tt‘a
294 799 405 949 tlt?
430 798 1279 974 hittt.tetf⁰¹¹l1⁰t¹¹tgtdtt⁸it..tltltt

108 971 167 1035 nisi
187 971 265 1035 forte
286 971 351 1055 quis
371 931 414 1035 iia
435 971 542 1047 dictum
563 993 631 1035 esse
650 908 814 1055 eiistimit,
846 979 879 1036 ut
899 971 953 1035 sit:
992 978 1105 1036 οιιιαὸα
1125 908 1280 1037 adea}

108 1069 207 1120 aunt.-
251 1061 281 1119 at
306 1055 338 1120 id
364 1055 480 1141 quidem
506 1056 559 1120 vix
590 1056 662 1121 satis
734 1080 803 1122 acce
833 1056 961 1122 dicatur:
1004 1056 1190 1143 dubitarique
1217 1057 1281 1123 iam

108 1141 192 1223 olim,
235 1161 299 1204 cum
327 1139 365 1204 ad
390 1140 611 1206 Anacreontcm
636 1163 665 1229 p.
717 1144 746 1207 2.
773 1142 933 1229 legendum
967 1163 1137 1207 censerem:
1180 1138 1277 1207 πάντ’

109 1224 238 1302 ἀνεῖται,
274 1225 350 1289 male
377 1225 409 1290 id
436 1226 567 1311 quidem,
605 1248 700 1312 neque
727 1234 825 1291 tamen
844 1227 986 1291 librorum
1007 1227 1180 1315 scripturam
1201 1226 1282 1293 ferri

109 1332 197 1400 posse
225 1310 361 1374 arbitror.
408 1310 520 1377 Parum
554 1310 686 1376 utilitatis
712 1314 856 1400 praebent
876 1311 1006 1377 codicum
1027 1313 1128 1375 variae
1149 1311 1282 1378 lectione

110 1395 575 1482 enotataeapudDindorfiumiu
611 1398 686 1462 rael.
699 1419 727 1485 p.
748 1396 891 1463 XXXIII.
929 1396 1078 1466 Videntur
1098 1404 1196 1463 autem
1217 1396 1283 1462 Ar-

109 1480 235 1545 chilochi
254 1501 359 1544 versus
380 1482 422 1545 ita
443 1417 613 1568 corrigendi
634 1503 717 1547 esse:

191 1585 263 1647 Νῦν
284 1581 317 1645 δὲ
337 1577 503 1668 Accipiter
522 1583 579 1664 μὲν
599 1581 702 1670 ι’ίρχει,
722 1578 891 1668 Λεῶφιλος
911 1579 943 1647 d'
967 1583 1129 1668 insaporet,

193 1666 353 1753 Acceptior
375 1667 408 1731 δὲ
428 1665 518 1731 πάντ’
541 1666 731 1757 depictor,
752 1669 921 1754 Λεωφίλου
944 1665 974 1731 d'
998 1663 1150 1732 ἀκούεται.

110 1775 143 1833 ut
177 1768 254 1833 dicat
284 1776 384 1857 poeta:
435 1773 532 1833 Ναυο
556 1794 635 1835 cero
662 1771 848 1849 leophae'las
870 1784 989 1849 potem
1017 1777 1131 1835 estin
1155 1793 1283 1849 aurore,

109 1876 197 1918 τιαιισ
216 1855 402 1933 Leophtlua
422 1855 582 1933 imperat,
611 1880 699 1921 αιτιοι·
719 1856 883 1935 leophilo
906 1863 1017 1919 amara
1032 1869 1166 1933 patent,
1188 1878 1284 1921 αατίτσ

109 1941 269 2017 ὶιομίιίίι·
288 1949 360 2003 occa·
382 1945 587 2005 αιιοοοιίυιτοτ.
631 1942 719 2005 Dixit
739 1944 813 2006 haec
828 1940 1025 2006 Archilochus
1045 1941 1078 2004 in
1097 1940 1283 2029 Leuphilum

111 2024 270 2109 quendam,
297 2025 330 2088 in
351 2046 450 2090 amore
471 2026 631 2106 aemulum,
659 2027 706 2089 cui
727 2027 825 2090 omnia
845 2026 1099 2114 permitterentur,
1132 2048 1197 2090 cum
1221 2026 1285 2115 ipsi

110 2109 200 2173 ianua
231 2116 312 2173 esset
343 2108 452 2174 clausa.
515 2111 585 2175 Non
618 2111 789 2176 dissimilem
826 2113 1002 2176 sententiam
1033 2110 1167 2199 reperies
1201 2110 1285 2201 apud

109 2193 302 2259 Tbeocritum
322 2193 407 2274 XIV,
427 2193 485 2259 47:

199 2288 245 2358 Οί
260 2293 294 2357 δὲ
313 2289 424 2368 Λίνος
444 2299 498 2359 νῦν
519 2290 635 2370 ποίντα,
656 2290 758 2383 Λύκῳ
779 2297 829 2361 καὶ
851 2296 960 2373 νυκτὸς
980 2293 1125 2383 ἇνῷκται,

188 2375 305 2459 Ἄμμες
326 2377 357 2442 d’
383 2377 451 2443 oilae
472 2375 553 2463 λόγω
575 2379 656 2456 τινὸς
676 2378 772 2458 ι’ίξιοι,
801 2378 868 2447 or'ir'
891 2381 1073 2469 ιἰριθματοί,

194 2460 353 2529 Atatem
373 2467 551 2551 Μεγαρῆες,
573 2462 743 2551 ἀτιμοτάτη
765 2468 808 2531 ἐνὶ
827 2467 933 2556 μοίρᾳ.

113 2567 253 2633 Cratinus
276 2573 388 2649 autem,
414 2565 588 2632 Archilochi
608 2569 773 2657 exemplum
793 2569 826 2633 in
846 2575 959 2635 tantum
979 2575 1112 2651 secutus,
1139 2574 1286 2654 quantum

112 2653 305 2717 conveniebat
323 2652 474 2716 institutae
496 2654 676 2735 sententiae,
709 2654 784 2718 uixit

196 2740 359 2819 Μητίοχος
381 2737 414 2799 δὲ
434 2733 534 2800 πάντα
555 2746 642 2817 ποιεῖ,

112 2821 170 2904 (sic
197 2824 274 2886 enim
302 2821 435 2908 corrigo,
468 2823 558 2911 vulgo
587 2832 731 2909 ποιεῖται)
760 2833 790 2888 et
816 2823 923 2888 deinde
949 2831 1068 2912 praeter
1087 2842 1205 2887 omnem
1227 2844 1285 2889 ex·

110 2908 319 2997 spectationem
340 2907 477 2971 subiecitz

693 2993 857 3076 Μητίοχος
878 2990 910 3056 δ’
934 2987 1104 3072 οἰμώξεται.

109 3091 277 3160 Metiochus
309 3094 376 3175 ille,
420 3092 469 3178 qui
490 3094 576 3158 etiam
602 3095 739 3160 breviore
765 3096 863 3159 forma
894 3092 1043 3157 Metichus
1076 3092 1285 3242 appellabatur
1315 3040 1330 3177 ‚i

111 3179 181 3261 (hoc
201 3180 296 3280 ipsum
323 3178 484 3243 Elmsleius
505 3180 660 3245 restituere
681 3180 775 3245 voluit
799 3178 939 3260 Cratino,
962 3200 1000 3242 ne
1022 3178 1109 3277 dacty
1122 3178 1166 3243 ico
1186 3198 1284 3245 versu
1314 3214 1318 3223 ·

109 3285 226 3330 numeri
253 3265 393 3329 trochaici
419 3263 471 3328 lex
496 3264 673 3329 violaretur:
717 3265 770 3329 sed
797 3264 879 3328 licuit
905 3264 936 3327 id
964 3263 997 3327 in
1018 3265 1283 3352 nommeproprio
1316 3292 1320 3343 ξ

77 3424 80 3431 ⁴
110 3348 263 3415 admittere
295 3350 452 3437 praecipue
486 3371 551 3413 cum
583 3352 649 3415 veri
680 3351 720 3414 sit
751 3349 930 3414 simillimum
961 3369 1069 3411 nomen
1101 3344 1282 3429 Μητιόχου,
1311 3372 1316 3417 ;

110 3454 185 3519 quae
205 3441 252 3501 est
271 3435 412 3522 primaria
430 3435 543 3515 forma,
574 3435 607 3500 in
632 3436 752 3521 vulgari
773 3455 908 3499 sermone
929 3432 971 3496 ita
992 3433 1086 3496 luisse
1107 3434 1283 3523 pronuntia-

110 3525 182 3600 tum,
202 3527 236 3584 ut
255 3519 354 3584 littera
374 3533 392 3585 o
415 3519 593 3602 elideretur,
616 3522 700 3605 quasi
721 3541 828 3584 nomen
851 3524 931 3582 esset
950 3519 1111 3599 Μητίχος,
1139 3524 1227 3616 atque
1248 3516 1283 3583 id

110 3604 265 3669 etiamen
293 3626 377 3669 exem
399 3604 453 3685 lis,
496 3627 569 3690 quae
597 3606 791 3670 subiiciuntur
822 3605 894 3668 satis
917 3603 1066 3701 apparea)
1109 3600 1282 3689 Monachus

109 3689 120 3754 i
144 3689 203 3754 ‘tur
223 3690 351 3755 Perichs
379 3626 534 3754 lamiliaris
557 3697 587 3755 et
607 3713 669 3755 rem
691 3690 836 3779 publicam
857 3687 956 3775 attigit
976 3694 1006 3750 et
1026 3707 1099 3768 uero
1120 3687 1209 3751 etiam
1231 3706 1283 3751 ar-

110 3796 126 3838 o
148 3775 251 3840 ‘tectus
270 3775 339 3839 fuit:
368 3775 486 3861 saepius
508 3797 575 3840 eum
596 3798 664 3841 esse
685 3775 913 3864 reprehensum,
946 3772 1023 3856 quod
1049 3772 1160 3837 civitati
1186 3770 1284 3837 noxia

108 3859 262 3941 suaderet,
284 3860 369 3924 docet
383 3859 509 3924 Photius
526 3883 555 3950 Ρ.
569 3861 643 3943 268,
659 3863 695 3926 3:
727 3860 881 3940 Μητίχος·
903 3857 1085 3941 ἀρχιτέκτων
1100 3858 1152 3920 καὶ
1174 3853 1282 3943 ῥήτωρ

107 3951 169 4011 τῶν
180 3944 216 4009 οὗ
228 3944 267 4010 τὰ
280 3944 425 4026 βέλτιστα
437 3942 715 4027 συμβουλευόντων.
755 3943 872 4010 Similia
884 3944 1025 4030 leguntur
1035 3942 1111 4030 apud
1121 3940 1283 4007 Gramma-

107 4033 194 4096 ticnm
214 4029 353 4095 Bekkeri
373 4030 415 4097 T.
435 4031 461 4097 Ι.
481 4051 510 4118 Ρ.
531 4032 605 4112 309,
621 4031 672 4097 17.
694 4030 754 4095 nisi
766 4031 841 4117 quod
854 4030 896 4093 ihi
908 4048 1010 4092 errore
1019 4027 1142 4114 negatio
1152 4026 1282 4091 excidit:
1307 4094 1310 4099 ,

109 4111 423 4199 ΤίμενοςΜητιίχου·
435 4114 631 4199 δικαστήριον
640 4115 815 4199 ὀνομασθὲν
827 4113 888 4178 ἀπὸ
896 4110 1283 4197 Μητιόχουιίρχιτίκτονος

107 4198 280 4287 ίρἥτορος
304 4206 368 4265 τῶν
394 4200 459 4287 (οὗ)
487 4199 526 4265 τὰ
553 4200 697 4283 βέλτιστα
717 4194 1020 4284 συμβουλευσάντων.
1063 4196 1105 4261 Et
1124 4196 1283 4282 conqueri-

108 4293 156 4354 tur
175 4287 224 4355 his
235 4286 310 4378 ipsis
321 4286 457 4355 versibus
469 4287 595 4355 comicus
613 4293 711 4378 poeta,
732 4286 809 4375 quod
817 4284 987 4352 Metiochus
996 4282 1124 4349 Periclis
1134 4282 1237 4361 mua
1249 4286 1283 4347 et
