2760 4792
146 247 210 313 180
528 235 932 306 COMMENTATIONES

146 420 242 476 eluci:
273 417 439 491 idipsam
452 414 565 487 ferme
584 410 801 487 Empedocles
822 412 954 470 oidelae
976 413 1129 470 sensisse.
1173 403 1314 489 Denique

72 535 74 538 ·
145 522 170 561 s.
191 499 227 563 9:
269 497 443 577 Diogenes
464 496 714 574 Apolloniates,
743 501 802 574 γαν·
828 496 988 555 mascalia
1009 503 1062 554 alt
1085 511 1207 570 corpas
1229 512 1314 572 aaa·

144 598 222 645 taor
241 584 405 645 mensibus
417 584 568 656 formam·
589 592 623 639 et
639 582 781 654 femlmls
803 584 969 659 palaque:
996 581 1055 640 oel
1069 579 1222 655 lllppoa,
1250 581 1314 657 qast

146 670 260 729 diebos
287 671 475 744 sexaginta
501 664 662 740 infantem
688 664 808 724 scrr'ltt
823 665 974 738 fhramrl
1001 675 1036 724 et
1055 673 1176 742 quarto
1201 682 1314 723 mense

144 773 276 812 carmem
293 753 377 825 fieri
402 763 602 822 concretam,
645 754 760 828 palato
790 768 918 827 magmas
950 746 1173 827 capillumque
1205 751 1312 818 amal,

145 843 282 911 septimo
310 841 377 895 iam
398 833 558 896 homiaem
581 854 654 894 esse
677 836 873 908 perficerem.
915 829 966 894 Ex
988 829 1109 894 seminis
1140 833 1236 892 autem
1257 850 1314 891 na·

145 928 211 982 tura
235 918 354 981 humida
375 918 462 981 etiam
484 917 599 981 animae
621 921 753 978 naturam
775 915 907 1002 repetiit,
929 915 1005 998 quod
1027 914 1111 979 docet
1130 911 1312 976 Aristoteles

145 1003 182 1067 de
203 1002 304 1068 Anim.
325 1001 349 1065 l.
371 1005 407 1065 2:
436 1004 500 1064 Kal
522 999 581 1084 γάρ
603 1000 712 1082 ἐλέγχει
733 997 805 1073 τοὺς
826 994 904 1065 αἴτια
926 995 1101 1083 φάσκοντας
1121 996 1176 1078 τὴν
1195 992 1312 1079 ψυχήν,

145 1084 191 1150 ὅτε
222 1083 241 1167 ἡ
274 1084 346 1170 γονὴ
390 1082 448 1167 οὐχ
479 1080 580 1163 αἷμα·
622 1082 738 1164 ταύτην
776 1081 806 1146 d'
836 1079 910 1146 εἶναι
942 1082 999 1164 τὴν
1039 1077 1162 1166 πρώτην
1193 1078 1312 1163 ψυχήν.

144 1170 286 1239 Videmus
333 1171 430 1254 itaque
469 1169 637 1256 Hipponem
683 1167 837 1256 physicum
881 1168 953 1232 duas
996 1168 1126 1230 rationes
1167 1166 1311 1253 physicae

144 1256 333 1342 disciplinae,
360 1274 482 1338 quarum
504 1254 597 1316 altera
617 1253 650 1315 in
670 1252 757 1315 huius
779 1251 879 1315 mundi
900 1252 1142 1339 contemplatione
1163 1256 1224 1314 tota
1243 1271 1312 1315 ver·

144 1347 241 1421 satin,
284 1338 377 1402 altera
407 1338 438 1401 in
467 1358 619 1425 corporum
645 1339 896 1420 monstrorumque
922 1344 1077 1399 naturast
1105 1334 1218 1399 labrire
1242 1357 1312 1433 per-

143 1422 320 1509 vestiganda
340 1429 478 1510 occupata
500 1429 561 1503 est,
591 1422 624 1485 in
651 1443 739 1485 unum
767 1421 956 1485 coniunxisse
984 1427 1069 1506 atque
1091 1419 1177 1483 simul
1198 1420 1310 1507 cogita·

144 1509 223 1571 tione
250 1506 431 1594 complexum
459 1527 536 1570 esse.
579 1505 619 1569 Et
668 1507 776 1569 riorem
802 1505 918 1590 quidem
951 1505 1028 1569 viam
1062 1505 1194 1590 ingressi
1224 1510 1312 1569 erant

142 1593 201 1655 iam
223 1591 417 1674 antiquissimi
437 1591 603 1679 philosophi
625 1527 666 1655 ad
680 1592 833 1654 veritatem
854 1589 1068 1674 indagandam,
1090 1589 1213 1653 alteram
1234 1609 1310 1674 quae

99 1721 102 1727 -
143 1676 174 1738 in
199 1676 349 1762 multiplici
372 1697 469 1739 rerum
491 1684 717 1759 naturarumque
738 1674 881 1739 varietate
909 1681 939 1737 et
960 1675 1136 1738 obscuritate
1161 1680 1312 1757 versatur,

142 1759 274 1848 plerique
300 1760 510 1846 neglexerant:
537 1761 610 1823 haer
636 1767 732 1823 autem
759 1758 928 1845 disciplina,
956 1758 1022 1822 dum
1050 1757 1170 1844 singola
1190 1778 1311 1823 assura-

143 1845 255 1909 tissime
276 1844 417 1924 rimatur,
443 1845 530 1909 laeile
551 1844 693 1932 propositi
715 1844 805 1907 oblita
827 1865 845 1907 a
865 1844 989 1906 veritate
1011 1843 1160 1927 divinique
1179 1842 1310 1907 numinis

143 1928 334 2015 indagatione
357 1928 494 2009 deflectit,
515 1929 612 2013 itaque
635 1928 744 2012 aliquid
763 1949 836 1992 sane
849 1926 963 1991 confert
979 1927 1016 1991 ad
1033 1948 1129 1990 mores
1138 1927 1310 2027 animosque

142 2014 291 2077 hominum
314 2013 552 2100 corrumpendos
594 2012 664 2074 Non
685 2021 794 2075 temere
824 2012 917 2097 igitur
938 2011 1074 2074 videntur
1096 2019 1211 2076 veteres
1231 2012 1311 2101 lnp-

162 2118 246 2161 onem
282 2097 438 2183 impietatis
471 2096 664 2159 incusavisse.
718 2093 856 2159 Ceterum
888 2095 1015 2158 arbitror
1047 2096 1234 2184 Hipponem,
1277 2100 1312 2162 ut

141 2119 373 2268 llenophanem,
398 2179 621 2258 Parmeniden,
643 2177 866 2325 Empedoclem,
892 2180 1029 2243 versibus
1056 2202 1092 2243 ea
1118 2181 1310 2268 eomprehen-

143 2266 240 2344 disse,
262 2285 336 2347 quae
357 2263 415 2349 ipsi
435 2263 628 2350 placuissentt
651 2261 694 2325 col
707 2264 792 2347 igere
813 2263 869 2326 hoc
891 2263 961 2326 milri
978 2264 1081 2329 videor
1101 2287 1141 2327 ex
1150 2263 1310 2337 Athenaeo

141 2348 226 2412 Xlll.
246 2369 274 2435 p.
297 2347 361 2411 610
381 2346 426 2410 Β;
463 2351 612 2411 Τοσαῦτα
639 2351 695 2408 τοῦ
723 2347 887 2431 Μυρτίλου
914 2346 982 2428 ἑξῆς
1009 2349 1230 2425 καταλέξαντος
1255 2352 1310 2415 καλ

141 2429 263 2495 πάντων
284 2428 378 2494 αὐτὸν
399 2431 447 2494 lai
468 2436 506 2516 τῇ
526 2427 631 2515 μνήμη
653 2428 883 2510 θαυμασάντων
905 2428 921 2495 ὃ
943 2428 1122 2509 Κύνουλκος
1143 2432 1221 2518 ἔφη·

226 2513 577 2598 Πουλυμαθημοσάνης,
605 2520 659 2597 τῆς
681 2513 716 2579 οὐ
739 2514 915 2602 κενεώτερον
936 2515 1035 2594 οὐδέν,

145 2603 250 2664 lanan
276 2595 375 2686 ἔφηὸ
403 2598 512 2677 άθεος,
546 2621 640 2685 neque
672 2601 750 2664 enim
778 2602 904 2666 dubitari
930 2609 1040 2690 petest,
1071 2602 1141 2687 quin
1167 2602 1217 2666 hie
1242 2602 1310 2691 ipse

141 2707 246 2749 versos
268 2707 308 2749 ex
329 2685 476 2771 Hipponis
499 2686 628 2748 ommino
649 2685 688 2748 sit
707 2687 829 2773 petitus:
858 2687 974 2752 videtur
995 2695 1091 2750 antem
1112 2687 1167 2750 hac
1188 2693 1310 2751 senten-

141 2771 182 2833 tia
203 2768 305 2833 eodem
327 2769 411 2833 modo
433 2790 503 2833 usus
527 2790 593 2833 esse
615 2776 700 2853 atque
721 2769 903 2851 Heraclitm,
924 2778 955 2835 ut
975 2772 1124 2835 hominnm
1145 2771 1310 2837 doctrinam

141 2854 272 2939 quamvis
299 2853 444 2916 infinitam
473 2860 503 2917 et
522 2854 674 2940 ingentem
720 2876 771 2918 rae
798 2856 931 2919 veritatis
957 2855 1184 2943 investigandae
1210 2856 1309 2921 studio

140 2945 308 3024 sperneret:
339 2938 455 3001 videtur
476 2944 572 3002 autem
593 2959 665 3001 sane
688 2875 729 3002 lli
770 2938 1004 3006 eHeraclitium
1030 2939 1103 3004 illud
1123 2941 1310 3028 respexisse,

140 3023 216 3107 quod
235 3022 392 3110 Diogenes
414 3022 555 3086 Laertius
582 3021 636 3086 IX.
658 3023 694 3102 1,
723 2960 862 3088 dioneos
887 3024 978 3088 Alex.
1000 3023 1108 3088 Strom.
1134 3024 1159 3088 l.
1181 3047 1210 3113 p.
1232 3026 1310 3108 315,

140 3106 192 3170 alii
213 3112 421 3170 servaverunt:
444 3106 637 3187 Πολυμαθίη
660 3103 731 3170 νόον
751 3107 788 3171 οὗ
805 3105 891 3193 φάει·
908 3105 1053 3174 Ἡσίοδον
1072 3106 1131 3193 γάρ
1145 3106 1183 3172 llo
1203 3108 1313 3173 ἐδίδα-

140 3194 170 3266 ξε
191 3193 243 3255 καὶ
257 3188 452 3275 Πυθαγόρην
473 3183 566 3265 αὖθίς
587 3214 618 3254 τε
631 3187 808 3275 Ξενοφάνεά
829 3217 860 3256 τε
881 3190 1116 3257 καὶἝκαταῖον.
1139 3191 1311 3282 castigavit

139 3281 235 3340 autem
251 3276 351 3363 Hippo
372 3277 500 3340 fortasse
521 3275 874 3363 maximePythagoram,
896 3284 975 3341 certe
990 3277 1160 3343 Heraclitus
1181 3279 1310 3345 eundem

17 3414 21 3419 .
139 3360 209 3423 alibi
231 3381 342 3445 quoque
364 3361 467 3424 eodem
488 3360 607 3423 nomine
628 3361 827 3448 reprehendit,
848 3362 908 3426 vid.
930 3361 1023 3449 Diog.
1045 3363 1150 3429 Laert
1171 3361 1256 3431 Vlll.
1269 3362 1330 3437 oz.

137 3442 329 3527 Ηράκλειτος
349 3449 423 3526 γοῦν
444 3440 460 3508 ὅ
482 3443 611 3529 φυσικὸς
630 3448 792 3526 μονονουχὶ
815 3445 939 3531 κίκραγε
960 3449 1015 3510 καί
1033 3467 1125 3532 φησι·
1151 3444 1310 3531 Πυθαγό-

139 3553 195 3612 ρης
216 3525 412 3613 Μνησάρχου
440 3528 576 3612 ἱστορίην
601 3526 731 3611 ἤσκησεν
752 3529 926 3614 ἀνθρώπων
945 3528 1079 3612 μάλιστα
1101 3527 1233 3596 πάντων.
1253 3534 1332 3597 καλ-

138 3613 332 3693 ίκλεξάμενος
357 3608 473 3688 ταάτας
492 3613 548 3689 τὰς
569 3610 762 3700 συγγραφάς,
791 3612 955 3697 ἐποιήσατο
982 3614 1093 3679 ἑαυτοῦ
1115 3618 1228 3699 σοφίην
1248 3642 1308 3681 πο-

137 3699 296 3779 λυμαθίην
316 3699 367 3760 καὶ
394 3699 598 3780 κακοτεχνιήν.
641 3699 780 3766 Ceterum
802 3699 913 3764 Timon
936 3701 1135 3789 sillographos
1156 3700 1307 3790 Hipponis
1369 3776 1372 3781 ¹

137 3803 256 3847 versum
276 3782 425 3870 paululum
445 3784 626 3849 immutatum
652 3784 690 3849 ad
710 3806 795 3850 saum
816 3807 935 3849 carmen
956 3786 1121 3868 transtulit,
1151 3794 1184 3851 ut
1203 3794 1308 3851 auctor

139 3873 185 3931 est
204 3866 378 3932 Athenaeus
400 3867 525 3932 ibidem:

589 3949 642 4016 Ἕν
662 3952 696 4016 δὲ
716 3949 894 4034 πλατυσμὸς

222 4029 577 4119 Πουλυμαθημοσάνης,
603 4042 659 4118 τῆς
680 4035 717 4102 οὗ
738 4035 915 4123 κενεώτερον
935 4032 1021 4102 ttae.

138 4139 213 4203 quas
234 4119 292 4183 nisi
313 4119 391 4185 sorte
418 4121 450 4184 in
475 4121 572 4209 ipsum
592 4120 761 4214 Hipponem
782 4122 859 4187 dicta
886 4128 970 4204 sunt,
997 4122 1152 4188 Platonem
1178 4130 1304 4212 tangere

137 4202 284 4286 videntur,
305 4204 432 4287 injenius
452 4205 571 4271 nomine
592 4209 710 4298 saepius
726 4206 932 4289 lusitTimon,
953 4215 985 4272 ut
1006 4215 1053 4274 est
1072 4209 1104 4273 in
1116 4228 1206 4274 versu
1227 4206 1304 4299 apud

136 4285 230 4382 Diog.
250 4287 357 4358 Laert.
378 4289 433 4358 111.
454 4291 476 4355 ⁷
484 4313 493 4356 ι
