2760 4792
122 231 187 302 1³2
501 224 910 297 COMMENTATIONES

120 420 176 485 quo
189 397 294 463 Latini
314 403 450 463 mules
471 395 601 477 dixisse,
622 395 693 461 binc
718 395 807 462 etiam
828 402 992 462 ceterorum
1013 397 1187 461 comicorum
1208 395 1296 461 fabu-

118 483 166 548 lae
186 484 354 548 consimiles
375 502 478 548 onunos
499 479 643 569 pluralem
657 501 727 569 prae
738 502 772 546 se
785 481 902 545 ferunt:
923 481 966 547 ita
975 479 1137 567 Polyzelus
1152 483 1297 545 Μοοοῶο

118 567 208 649 γονὰς
236 576 267 632 et
293 563 448 631 Διονύσου
479 564 573 650 γονὰς
604 565 742 652 scripsit,
783 563 900 630 Araros
933 573 1030 629 autem
1057 563 1166 642 Πανὸς
1192 562 1297 650 γονάς,

118 651 275 739 Nicophon
297 649 484 737 Ἀφροδίτης
508 646 615 733 γονάς,
643 660 729 735 atque
756 648 793 715 ad
820 649 943 717 eandem
970 670 1102 713 normam
1128 649 1180 714 alii
1201 649 1296 716 multi.

118 734 180 800 Sed
209 735 346 800 Platonis
371 731 502 820 ‘Euocat
534 735 576 801 ita
609 741 691 799 actae
724 733 878 816 videntur,
921 739 953 797 nt
985 734 1141 798 choreutae
1177 734 1294 800 dierum

118 819 260 884 lestomm
293 827 323 884 et
350 820 564 884 solemnitatum
592 819 720 907 speciem
740 817 886 904 quandam
914 818 1127 882 assimilarentc
1161 818 1295 885 eiusdem

118 925 190 968 vero
217 907 312 968 Νῖκαι
343 904 411 991 quid
439 904 638 1005 spectaverint
665 912 695 967 et
721 903 863 988 quomodo
894 902 996 966 titulus
1026 903 1066 966 sit
1091 902 1295 990 expediendus

117 988 241 1074 ignoro,
272 1010 366 1075 neque
398 1010 492 1055 ausum
524 988 561 1052 de
587 987 703 1053 rationo
728 988 855 1052 nominis
883 986 964 1051 illius
992 987 1175 1068 comoediae,
1217 1007 1295 1072 qnae

117 1075 230 1138 Σκεοαὶ
262 1074 454 1155 inscribitur,
486 1073 682 1136 coniecturam
717 1093 770 1161 pro
791 1092 900 1152 onero,
936 1091 1107 1157 quamquam
1139 1070 1295 1159 probabile

118 1167 174 1235 est,
195 1179 234 1222 ne
247 1158 357 1239 harum
374 1158 490 1256 quidem
511 1156 726 1235 comoediarum
747 1093 901 1243 almodum
919 1156 1066 1243 disparem
1086 1155 1181 1246 luisse
1202 1156 1295 1220 ratio·

117 1264 195 1308 nem.
236 1242 404 1307 Philonidis
427 1248 525 1325 autem
545 1239 704 1325 Κόθοροοι
726 1241 864 1328 appellati
892 1248 1001 1304 sunta
1028 1241 1118 1304 chono
1144 1240 1293 1305 bominum

21 1393 24 1401 ,
117 1327 333 1391 levissimorum
364 1333 394 1391 et
422 1325 686 1407 astutissimorum,
713 1345 786 1411 quos
814 1324 998 1390 'l'berameni
1024 1324 1136 1389 similes
1162 1325 1295 1390 tinxerat

110 1444 113 1450 ·
137 1420 217 1501 nem:
240 1409 459 1476 Theramenem
472 1418 568 1474 autem
585 1406 738 1493 κόθορνον
751 1431 787 1497 ap
808 1409 926 1473 ellatum
938 1429 1008 1472 esse
1026 1408 1116 1472 tradit
1125 1408 1293 1498 Xenophon

150 1495 237 1560 ellen.
257 1494 329 1559 ll.3
352 1497 410 1561 31:
430 1491 527 1557 Ὅθεν
548 1490 586 1576 δή
608 1519 668 1559 nou
690 1498 741 1558 nul
763 1430 915 1578 allamma
936 1493 1134 1556 ἐπικαλεῖται·
1158 1497 1210 1556 acl
1231 1493 1293 1579 ydp

107 1575 135 1644 -ὃ
156 1575 306 1660 κόθορνος
327 1544 489 1660 ‹lppcn‘rssvr
513 1577 569 1659 pir
589 1589 654 1654 τοῖς
677 1580 768 1643 moola
788 1577 977 1663 ἀμφοτίροος
998 1579 1097 1653 δοκεῖ,
1125 1576 1292 1658 ἀποβλέπει

117 1661 150 1726 δ’
182 1663 232 1727 ἐπ’
261 1660 448 1748 ἀμφότερον.
490 1671 555 1727 orat
581 1665 660 1728 enirn
692 1684 756 1728 mos
789 1670 819 1728 et
845 1662 1025 1728 consuetudo
1050 1662 1292 1746 Atheniensium,

116 1753 150 1835 ut
169 1748 321 1836 ingenium
343 1767 499 1835 moresque
524 1747 672 1813 bominum
700 1747 798 1837 lepida
820 1747 917 1832 aliqua
939 1754 969 1810 et
989 1756 1074 1811 acuta
1094 1746 1292 1836 appellatione

110 1839 263 1899 ·notarent.
305 1830 449 1897 Fortasse
480 1840 578 1897 antem
610 1834 768 1898 choreutae
794 1831 840 1897 illi
872 1832 1024 1896 cothurnis
1055 1832 1293 1914 umbertum-'1

115 1918 166 1983 vel
176 1928 301 1982 externa
321 1918 420 2005 specio
440 1918 594 2004 ingenium
611 1925 642 1981 et
662 1939 760 1982 mores
780 1915 955 2006 proderent:
978 1923 1007 1980 et
1027 1917 1064 1981 ad
1084 1917 1291 1985 versutoshos

116 2010 148 2067 et
168 2002 290 2066 callidos
316 2001 451 2066 homines
476 2001 653 2066 referendus
676 2009 723 2067 est
748 2002 802 2066 ille
828 2021 950 2083 versus,
982 2020 1067 2086 quem
1088 2022 1128 2066 ex
1148 1998 1308 2093 hac'ipsa-

110 2087 217 2153 labala
242 2087 374 2150 servavit
393 2084 505 2171 Pollux
524 2085 579 2150 lX.
599 2087 642 2150 29
664 2093 694 2150 et
712 2085 751 2150 X.
773 2087 853 2151 202:
1123 2110 1126 2137 ÷
1207 2120 1211 2127 ·
1274 2118 1280 2129 ·

201 2172 356 2252 Ποναγεῖς
376 2169 492 2252 yesrvlv,
515 2173 747 2252 ποροοτολῶναι,
770 2173 939 2255 Μεγαρεῖς,
961 2170 1069 2247 δειλοί,
1091 2175 1288 2254 marmorum

113 2255 162 2320 lta
182 2255 261 2319 enim
283 2254 411 2340 corrigo.
453 2254 556 2340 ltaque
582 2255 655 2319 illud
684 2274 791 2320 conseo
816 2255 972 2344 plerasque
1000 2257 1183 2338 comoedias,
1213 2276 1290 2343 quac

116 2358 269 2404 nuunorurn
295 2338 439 2428 pluralem
485 2360 537 2404 rae
559 2359 593 2403 se
618 2340 732 2420 lerant,
755 2341 781 2406 si
803 2362 821 2404 a
842 2341 943 2430 paucis
964 2340 1044 2421 illis,
1071 2361 1193 2425 quarum
1213 2341 1288 2406 satis

113 2424 241 2489 obscura
263 2430 293 2488 et
322 2422 410 2487 dubio
431 2360 484 2489 eal
498 2424 589 2504 ratio,
611 2424 802 2507 discesseris,
833 2446 852 2488 a
872 2425 961 2490 choro
983 2424 1102 2489 nomina
1123 2426 1288 2515 accepisse:

116 2506 185 2572 nolo
214 2516 310 2573 summ
336 2507 472 2595 singulas
506 2508 618 2573 orando
647 2529 838 2598 percensere:
873 2517 958 2596 atque
990 2510 1028 2574 de
1053 2509 1203 2574 nonnullis
1226 2511 1288 2575 iam

115 2593 292 2682 disputatum
314 2601 361 2657 cst
376 2600 412 2656 'et
432 2592 546 2657 dicetur
565 2593 646 2658 infra
667 2615 791 2743 quoque.
837 2592 901 2659 lam
923 2595 1008 2658 huius
1030 2594 1146 2679 quidem
1166 2594 1288 2659 fabulae

115 2676 277 2744 Cratineae
302 2676 436 2740 instituta
462 2678 609 2742 sententia
636 2679 669 2742 in
695 2700 734 2742 nu
748 2678 777 2744 la
802 2686 939 2743 versetur
960 2678 1149 2754 dubitatione.
1191 2677 1290 2745 Atho·

115 2762 263 2828 niensium
284 2761 388 2826 civitas
410 2781 474 2826 cum
495 2761 554 2826 iam
566 2762 777 2848 antiquissimis
793 2764 973 2854 temporibus
994 2763 1154 2828 domestica
1173 2763 1290 2829 discor·

113 2846 165 2912 dia
190 2845 278 2910 valde
304 2851 388 2910 esset
416 2846 530 2946 agitata
554 2853 585 2911 ct
610 2844 800 2935 perturbata,
826 2847 943 2914 tandem
969 2845 1079 2927 Solon,
1112 2848 1160 2912 vir
1185 2848 1288 2921 divino

113 2929 512 3081 tttle'blllltt
530 2931 1290 3083 :lfflltdtzthltmtdlffllb‘ittet

114 3107 146 3166 et
171 3063 283 3166 divitiis
304 3099 432 3187 maximo
451 3037 617 3188 polleballl,
643 3101 707 3166 suis
733 3100 975 3191 comprimeretur
1000 3037 1194 3166 leolrmsmc·
1219 3101 1289 3167 lini·

23 3199 25 3203 ’
114 3185 189 3266 bus,
215 3182 314 3273 popnh
336 3191 433 3248 summ
453 3184 606 3250 multitudo
628 3207 646 3250 a
667 3187 861 3251 servitute-et
882 3185 1080 3251 dominatione
1100 3187 1289 3253 liberaretur.

114 3267 372 3359 Sapientissimas
389 3273 486 3332 antem
511 3268 597 3357 leges
628 3269 709 3336 dedit
734 3270 986 3352 Atheniensibus,
1014 3279 1047 3335 ut
1074 3279 1105 3336 et
1132 3271 1290 3360 opu-uos

115 3361 146 3419 et
164 3352 290 3454 populus
311 3374 395 3417 suum
407 3352 455 3418 ius
476 3361 623 3436 tenerent,
643 3361 730 3455 atquc
751 3355 957 3442 aequabilitate
966 3355 1041 3420 iuris
1055 3357 1290 3422 constituta-osn-

114 3439 163 3507 nis
183 3438 291 3503 muium
320 3438 447 3503 societas
468 3437 637 3502 firmissimo
666 3439 783 3506 vinculo
800 3440 958 3505 'coniuncta
979 3448 1069 3506 esset
1110 3439 1146 3504 ln
1168 3439 1288 3529 legibus

115 3536 212 3589 anmm
232 3521 366 3587 ferendis
388 3528 476 3608 atque
496 3523 639 3588 institutis
671 3523 777 3608 quibus
796 3545 860 3589 rom
881 3523 1026 3613 publicam
1049 3525 1191 3606 firmavb,
1212 3524 1287 3592 illud

114 3607 242 3672 maxime
263 3606 424 3695 spectavit,
446 3614 479 3670 ut
498 3606 616 3672 virtutis
635 3572 857 3694 honestatisque
878 3629 961 3674 umor
980 3609 1150 3698 patriaeque
1167 3610 1287 3675 -caritus

113 3694 147 3761 iu
167 3691 296 3756 omnium
316 3691 426 3756 animis
444 3691 605 3759 altissimas
632 3697 738 3780 ageret
757 3693 889 3759 radices:
917 3694 1015 3780 itaquo
1036 3715 1054 3758 o
1074 3694 1172 3768 ulenti¹
1187 3700 1218 3760 et
1237 3714 1288 3759 oo·

113 3777 191 3867 piosi
212 3775 361 3860 nobilique
382 3795 495 3924 qaaere
515 3778 587 3858 orti,
609 3777 746 3861 qnoniam
767 3777 855 3844 etiam
875 3785 944 3843 tunc
964 3715 1125 3856 sonabant
1144 3779 1288 3845 maiorum

113 3862 249 3942 virtutes,
271 3860 390 3926 mudena
411 3868 498 3925 antur
517 3861 613 3950 plebis
633 3863 825 3927 temeritatem
847 3869 877 3926 et
896 3862 1054 3929 licentiam.
1081 3860 1175 3928 Solon
1194 3863 1289 3952 igitur

114 3945 333 4046 sapientissime
351 3944 581 4045 incolumitatem
598 3943 782 4047 reipublicae¹
799 3946 957 4028 stabilivit,
984 3968 1049 4011 cum
1070 3968 1166 4033 neque
1185 3947 1288 4036 legun

114 4030 349 4182 lhldtt
358 4031 1068 4201 lltlbdllhlttttt,titides
1084 4053 1118 4202 «Γ
1156 4052 1292 4183 tlt

69 4226 72 4231 ·
114 4208 306 4290 temperatum
326 4199 479 4286 imperium
502 4200 702 4282 constitueret,
722 4201 756 4265 iu
777 4222 834 4288 quo
854 4221 1052 4267 ornnessuum
1073 4209 1182 4268 sabim
1199 4208 1289 4289 atque

115 4286 205 4355 decus
236 4289 406 4366 tuerentur,
432 4282 627 4372 'libertasque
666 4285 781 4359 firmum
815 4283 940 4354 maeno
964 4283 1170 4354 donidium
1201 4284 1289 4353 llaec
