2768 4770
327 215 387 283 DE
407 213 760 291 anule-comum).
783 215 889 284 ΑΤΤ.
913 216 1057 294 anule.
1209 226 1275 290 377

102 409 134 476 p.
144 383 219 467 104,
239 384 276 450 ‘la
302 386 456 460 Καδίσκος
476 421 517 437 -
539 381 656 467 ἀγγεῖόν
676 409 707 450 τι
727 388 769 462 είς
791 383 808 450 δ
834 385 1061 474 έψηφοφόροον
1081 374 1111 453 oi
1131 391 1274 456 δικασταί

104 470 206 544 οὕτως
226 467 343 554 ἔλεγον·
367 467 520 555 Φρύνιχος
533 466 709 545 Μοάσαις·
750 497 753 500 ·

189 551 288 638 2lcloui,
310 555 400 636 δέχου
421 555 475 617 τὸν
494 560 620 639 ψῆφον·
647 552 664 620 ὃ
685 557 829 631 καδίσκος
849 555 886 620 δέ
901 555 951 620 σοι

188 637 226 704 ‘O
245 640 302 720 μέν
328 636 470 703 ἀπολύων
491 632 596 718 οὗτος,
623 637 693 704 ὅδ’
718 638 852 716 άπολλδς
880 636 937 704 ὁδί.

104 725 165 790 fuit
184 725 277 811 igitur
297 724 330 787 in
350 724 406 788 hac
445 745 538 809 uoque
558 724 819 825 parloPhrynichi
841 725 989 790 comoedia
1010 749 1070 793 non
1092 728 1277 817 adeodispar

104 809 340 897 Auistophaniae
360 745 488 874 fabulae.
517 809 636 874 Prumas
659 816 772 893 aulem,
793 817 824 874 ut
844 833 899 900 par
920 818 981 902 est,
1002 811 1142 902 Sophocli
1158 814 1277 898 detulit,

108 895 185 982 quod
206 894 255 958 vel
277 915 317 958 ex
337 893 398 957 illis
418 895 555 959 versibus
577 894 731 959 conficias:

194 974 315 1063 Μάκαρ
336 981 530 1062 Σοφοκλέης,
557 976 591 1054 bg
612 979 708 1043 πολὺν
724 975 836 1061 χρόνον
856 976 955 1062 βιοάς,

188 1063 358 1129 Ἀπέθανον
378 1063 531 1144 εὐδαίμων
551 1062 627 1148 ἀνὴρ
649 1066 700 1128 καί
723 1066 830 1142 δέξιος,

176 1226 178 1229 ι
195 1147 324 1222 Πολλὰς
345 1145 476 1230 ποιήσας
496 1151 547 1212 καί
568 1147 665 1223 καλὰς
683 1151 857 1235 τραγῳδίας

195 1235 311 1308 Καλῶς
331 1230 513 1316 ἒτιλεάτησ’,
535 1232 623 1298 οὐδέν
642 1229 809 1315 ὑπομείνας
830 1229 933 1296 κακόν.

108 1316 162 1405 qni
182 1339 286 1382 versus
308 1317 448 1404 leguntur
468 1319 501 1383 in
513 1319 699 1406 Argumento
716 1317 758 1383 So
778 1319 872 1383 hochs
886 1318 991 1406 Oedipi
1003 1317 1108 1386 Colou.
1123 1319 1279 1410 Sophoclis

108 1401 244 1493 placidae
253 1404 338 1467 morti
346 1403 692 1491 PhrynichusEuripidis
704 1342 862 1468 violbntum
872 1401 961 1468 letum
971 1405 1116 1470 violaturo
1136 1408 1283 1495 posuisse,

111 1496 145 1553 ut
159 1488 313 1567 indicaret,
323 1496 473 1572 utrumque
488 1496 574 1589 prout
587 1488 674 1552 vitam
686 1488 812 1575 degerit7
822 1489 865 1552 ita
880 1489 968 1552 etiam
985 1489 1022 1554 de
1031 1493 1094 1554 vita
1105 1428 1282 1574 clbcessisse,

111 1573 214 1638 divina
236 1572 319 1657 quasi
339 1575 524 1661 providenha
546 1593 638 1657 aequa
656 1571 741 1636 lance
763 1594 846 1637 suum
869 1574 971 1657 cuique
992 1575 1084 1639 falum
1104 1577 1281 1665 pensitanle.

110 1656 154 1722 Et
174 1656 212 1721 ad
233 1656 354 1721 eandem
377 1658 453 1721 hanc
473 1657 603 1721 fabulam
624 1657 740 1738 resero,
762 1656 838 1741 quod
859 1663 905 1720 est
926 1658 1004 1744 apud
1024 1659 1156 1747 Diogen.
1175 1661 1282 1726 Laert.

110 1740 166 1811 IV.
187 1743 230 1806 20
256 1741 292 1805 de
317 1740 494 1806 Polemone:
528 1732 589 1803 Ἦν
616 1741 650 1803 δέ
676 1742 726 1803 καί
748 1741 984 1826 φιλοσοφοκλῆς
1010 1745 1061 1806 καλ
1088 1741 1224 1824 μάλιστα
1249 1747 1283 1810 έν
1342 1821 1344 1825 .

101 1825 251 1902 «ἐκείνοις,
273 1823 349 1890 ὅπου
368 1825 447 1890 κατὰ
467 1825 520 1889 τὸν
541 1823 675 1906 κωμικὸν
696 1825 730 1904 (i.
753 1846 780 1891 e.
800 1824 1045 1913 Aristophanem)
1066 1826 1105 1891 τὰ
1125 1826 1283 1912 ποιήματα

110 1907 199 2060 ογὸλτφ
220 1907 301 1974 κάων
320 1936 367 1986 τις
387 1907 484 1976 έδόκει
505 1918 663 1991 συμποιεῖν
683 1905 894 1986 Μολοττικός,
930 1912 980 1973 καὶ
999 1909 1052 1975 ἵνα
1072 1902 1110 1995 ἦν
1130 1913 1209 1978 κατὰ
1229 1912 1283 1979 τὸν

168 2020 215 2059 ονι
236 2016 289 2060 ον·

149 2022 167 2083 ρ
204 2019 386 2164 (λδγλάξις,
415 2077 485 2144 οὐδ’
509 2076 679 2162 ὖπὸχοτος,
701 2077 779 2143 άλλδ
801 2076 974 2165 Πράμνιοςρ

199 2165 369 2247 Archippi
397 2165 445 2229 fra
490 2173 596 2247 „emtum
623 2187 662 2229 ex
688 2163 819 2229 Hercule
849 2163 1219 2248 servavit-Gnammalicus
1252 2166 1285 2231 in

112 2249 253 2316 Bekkeri
280 2249 397 2315 Auecd.
457 2299 464 2314 .
485 2250 510 2315 l.
531 2273 560 2340 p.
581 2250 661 2333 371,
682 2237 1008 2336 affiposseueagr
1031 2250 1081 2317 τά
1102 2249 1193 2338 ’άκρα
1223 2256 1285 2318 τῶν

113 2335 287 2423 [άβελίσκων
300 2332 468 2420 ’Άρχιππος
484 2331 633 2421 Ἡρακλεῖ
649 2339 812 2417 γαμοῦντι·
1028 2355 1030 2359 ⁴

193 2418 250 2528 νΤὸ
273 2425 334 2505 πῦρ
356 2420 434 2484 nolui
456 2421 539 2493 λίαν·
561 2416 658 2503 linare
679 2418 735 2495 τὰς
756 2419 958 2503 ἀκροβολίδας

195 2510 249 2571 Ακ
271 2529 318 2580 ας.

113 2590 169 2657 ubi
189 2531 375 2654 scribendum
397 2594 444 2653 est
464 2585 559 2654 deleto
584 2589 644 2652 isto
664 2582 780 2672 ἄκρας·
1043 2669 1046 2674 ι

147 2702 149 2706 “
205 2673 252 2738 Τὸ
273 2679 334 2758 πῦρ
357 2672 436 2737 πολι)
456 2673 538 2736 λίαν·
560 2667 656 2757 ὕπαγε
676 2672 733 2748 τάς
753 2669 964 2757 aequantem.

114 2758 220 2829 Verba
239 2759 314 2823 haec
335 2765 404 2822 sunl
424 2759 507 2842 coqui
528 2778 650 2822 coenam
671 2757 816 2822 Horcuhs.
832 2759 942 2847 nuptiis
963 2759 1142 2847 apparentis.
1168 2759 1287 2824 Lautae

115 2844 199 2909 enim
224 2843 257 2906 in
278 2845 334 2908 hao
359 2843 460 2907 fabula
486 2842 590 2954 epulae
617 2842 852 2924 exhibebantur,
869 2844 909 2906 'ut
930 2850 1051 2932 apparel
1072 2867 1111 2909 ex
1131 2842 1289 2917 Athenaeo

115 2927 206 2998 XIV.
245 2929 337 2993 .656
357 2925 402 2991 B:
431 2928 494 2994 Kal
510 2931 677 3011 Αρχιππος
697 2928 730 2991 έν
745 2923 895 3013 Ἡρακλεῖ
910 2934 1075 3013 γαμοῦντι·
1182 2955 1184 2959 ’
1211 2946 1214 2953 ·

238 3013 259 3075 ά
279 3012 310 3076 δ’
332 3009 411 3075 άλλα
429 3011 543 3095 χοίρων
563 3011 737 3097 άκροκαίλια
757 3017 884 3098 μικρῶν,

208 3094 335 3180 Ταάροο
357 3094 389 3159 δ’
412 3092 552 3181 δψικέρω
573 3098 724 3182 φλογίδες,

206 3181 252 3246 Αἱ
273 3181 395 3263 δολιχαί
413 3206 445 3246 τε
472 3180 603 3264 κάπρον.
665 3189 667 3195 ’

116 3267 164 3333 ila
189 3267 267 3330 enim
293 3267 426 3353 corrigo;
454 3272 485 3330 et
506 3266 609 3332 eodem
634 3264 711 3331 libro
736 3285 766 3354 p.
786 3262 852 3331 ule
877 3264 929 3328 Fa
956 3259 1048 3350 Ἅπιρ
1069 3261 1237 3351 ’Ἄρχιππος
1258 3264 1291 3330 ἐν

112 3349 267 3436 Ἡρακλεῖ
281 3357 430 3435 γαμοῦντι
450 3347 767 3436 ἐπιφορήματακαλιῖ
784 3345 835 3413 διά
855 3345 985 3414 τούτων·
1003 3348 1123 3435 Ἰτρίοις
1143 3346 1293 3436 ἐπιφορή-

118 3459 201 3519 μασι
228 3435 258 3500 τ’
288 3435 393 3512 ἄλλοις
418 3436 564 3520 γέμουσα.
607 3433 945 3508 Schoendumvidetur
987 3434 1039 3519 (de
1067 3457 1171 3500 mensa
1196 3435 1295 3501 autem

120 3522 322 3610 accipiendum
344 3522 418 3606 est):
720 3518 842 3602 Ἰτρίοις
1278 3547 1281 3552 ·

206 3602 452 3688 Ἐπιφορήμασίν
479 3629 511 3670 τε
532 3606 600 3680 τοίςΙ
621 3601 725 3679 άλλοις
745 3604 891 3688 γέμουσαι

121 3697 154 3757 et
174 3690 250 3754 libro
272 3691 340 3759 Vll.
360 3712 390 3779 p.
410 3693 474 3755 307
495 3690 542 3754 D:
561 3685 631 3754 Ὅτι
652 3689 686 3753 δέ
706 3684 786 3766 εἶδος
806 3688 954 3774 κεστρέων
975 3687 1006 3753 οἶ
1025 3684 1143 3773 νήστεις
1155 3683 1293 3775 ’Ἀρχιπ-

121 3781 182 3852 πος
197 3770 348 3859 Ἠρακλεῖ
362 3774 513 3859 γαμοῦντί
531 3775 622 3860 φησι·
1049 3822 1052 3827 .
1280 3824 1283 3828 .

164 3886 167 3891 ’
208 3856 356 3942 Νήστεις,
378 3857 536 3943 κεστρέας,
564 3853 726 4008 κεφάλους.

122 4053 154 4120 p.
184 4033 239 4135 „22
260 4029 306 4095 Aa
333 4032 383 4095 uba
404 4030 441 4095 de
454 3940 1295 4131 s'alpoellnqulcmimffiglgllrlbogaglrlolllbbblls‹ibell-

122 4139 218 4190 νικως
239 4111 318 4180 εἶπεν
339 4113 357 4179 ὅ
376 4113 515 4198 σάλπης·

209 3944 261 4010 Ex
280 3944 426 4046 Archippi
446 3945 584 4010 Piscibus

550 4234 552 4239 -
650 4238 669 4252 ·=
702 4199 726 4257 ·.
747 4160 945 4282 fumoso
964 4192 1055 4278 αα,

212 4277 340 4366 Σάλπης
360 4279 392 4345 δ’
415 4277 578 4367 ἐσάλπιγξ’,
600 4279 667 4368 λέπτ’
692 4277 962 4366 ὄβολοδςμιοδδν
978 4279 1102 4370 φέρων,
1156 4328 1187 4337 --
1231 4322 1245 4353 ·,
1280 4308 1286 4359 ;
