2760 4792
105 231 170 297 212
493 222 896 295 COMMENTATIONES

106 407 136 467 ot
156 420 231 486 quae
252 404 425 483 sequuntur:
457 416 496 460 ex
517 395 620 481 quihus
641 395 698 461 hoc
719 394 792 460 satis
813 395 1022 484 perspicimus,
1041 397 1154 482 quanto
1170 395 1268 464 studio

81 484 192 571 'uque
211 483 315 571 plausu
337 480 536 546 Athenienses
548 481 629 546 illud
650 501 769 545 cmmen
790 481 971 579 exceperint.
990 478 1027 546 ln
1048 502 1151 549 erroro
1171 488 1269 549 autem

108 578 278 650 versantur,
299 566 456 651 inciditque
477 566 508 629 in
531 565 653 629 eundern
676 584 807 630 errorem
829 575 915 631 etrum
929 564 1103 631 Dindorhus
1125 564 1270 633 adseue-

105 676 212 733 nuounr
233 651 275 717 Τ.
294 650 334 716 ll.
377 699 384 716 .
406 652 485 731 711,
517 650 565 735 qui
593 650 781 714 hexametros
807 650 894 731 illos,
921 650 1025 735 quihus
1050 650 1139 716 Plato
1167 650 1268 733 uritur,

106 760 146 804 ex
165 735 327 802 Philoxeni
346 673 493 801 lleucadii
513 734 642 799 carmine
669 735 776 822 petitos
798 735 991 800 arbitrantur:
1021 735 1109 801 immo
1130 736 1270 818 comicus,

106 845 170 888 cunr
195 822 383 908 ingeniosam
402 819 483 884 illam
509 821 686 899 ubertatem,
718 839 774 904 qua
794 819 979 885 Philoxenus
999 819 1032 885 in
1052 818 1200 887 Conririo
1220 840 1270 887 res

105 908 183 1008 satis
204 907 287 971 leves
315 913 345 970 et
375 905 582 1054 propemodum
610 904 750 990 indignas
769 912 969 1002 tractaverat,
996 927 1015 970 a
1042 906 1143 993 poesis
1168 905 1270 971 dirius

104 992 392 1143 turrira
410 987 751 1138 rrtrrrttit
767 997 988 1156 rorata
1001 988 1271 1140 ureretur

105 1183 175 1226 num
203 1161 315 1226 lasciva
340 1158 480 1244 quaedam
505 1164 661 1257 praecepta
682 1158 832 1246 coquendi¹
846 1159 984 1224 versibus
1002 1158 1270 1259 comprehendisse,

105 1244 181 1333 quod
213 1266 298 1330 quam
330 1241 486 1308 conveniat
518 1243 640 1329 ingenio
666 1239 784 1307 Atticae
821 1243 987 1308 comoediae
1019 1243 1108 1308 facrle
1169 1244 1271 1311 uilihet

104 1326 376 1480 tithihrlil
394 1349 472 1500 §tt
499 1327 587 1499 ill
611 1326 1122 1495 illiti,lttthlllhl
1142 1328 1270 1479 ulmi}

105 1498 265 1564 moraverit
293 1498 458 1571 Φιλοξένου
491 1495 624 1578 καινὴν
656 1459 918 1577 dpupcoulav,
961 1505 1083 1585 apparet
1108 1496 1270 1563 Philoxeni

105 1605 224 1648 carmen
245 1582 324 1647 circa
343 1580 415 1646 illud
437 1581 531 1668 ipsum
552 1588 665 1668 tempus
682 1580 818 1646 Athenas
840 1581 983 1671 perlatum
1004 1603 1085 1646 esse:
1107 1582 1161 1649 sed
1182 1582 1270 1671 poulo

105 1669 193 1734 etiarn
214 1667 376 1731 accuratius
398 1686 552 1754 possumus
572 1664 653 1729 illam
675 1673 799 1729 aetatem
821 1665 1005 1747 descrihere,
1038 1666 1269 1755 quandoquidem

104 1752 322 1841 Aristophanes
349 1772 404 1837 quo
426 1773 461 1815 ue
488 1750 520 1813 in
542 1748 777 1831 Ecclesiazusis,
803 1771 877 1836 qnae
906 1759 975 1815 sunt
995 1772 1073 1816 anno
1100 1758 1169 1817 anto
1192 1752 1221 1817 h.
1242 1774 1269 1819 e.

105 1834 382 1926 01ynp.xevl.4
403 1771 516 1911 doctae,
537 1856 598 1899 non
619 1836 743 1899 obscure
763 1836 877 1900 notavit
896 1833 1056 1900 Philoxeni
1078 1834 1268 1903 Conuirium:

105 1922 137 1987 in
159 1932 292 1987 extrema
320 1920 397 1984 enim
419 1920 536 2000 sabula,
564 1919 639 2004 quod
660 1919 740 2006 fugit
759 1920 892 1985 homines
913 1920 1030 2002 doctos,
1056 1919 1219 1987 Philoxeni
1238 1928 1269 1987 el

104 2027 243 2156 numqqps
264 2005 466 2151 querhorqm
487 2013 618 2111 moqstra
636 2003 850 2151 equgerando
872 2004 1038 2152 aemulaque
1053 2004 1142 2073 dixit:

210 2139 224 2154 .-
262 2120 265 2145 Ι
297 2114 329 2151 m
368 2113 469 2151 ϋναὶκξ
524 2112 585 2150 kant
675 2112 775 2149 »adrev
796 2112 831 2150 10
937 2113 957 2151 α
1019 2113 1057 2153 (W

185 2114 271 2237 'Ball
292 2171 334 2235 τὸ
350 2112 508 2235 lleinrd’r
529 2112 736 2235 dnchuhrreid·
766 2112 933 2253 quslrldid‘
950 2115 1068 2239 odrpsul
1088 2170 1165 2241 adds

190 2260 254 2324 Kal
276 2256 314 2321 od
337 2257 417 2318 river.
462 2260 565 2319 Τοῦτο
587 2257 661 2334 dpui.
704 2257 769 2318 Καὶ
791 2253 884 2320 τάσδε
905 2255 1042 2342 λαγάρας

192 2346 269 2406 Τοῖν
290 2344 458 2405 σκελισκοῖν
483 2338 539 2404 τὸν
560 2336 698 2423 ῥυθμόν·
725 2336 805 2422 τάχα
827 2341 885 2428 γὰρ
907 2339 1020 2409 ἔπεισιν

189 2427 768 2510 Λεπαδοτεμαχοσιλαχογαλεο
794 2464 837 2476 —-

189 2513 1002 2598 κρανιολειψανοδριμυποτριμματοσιλφιο
1024 2547 1066 2562 -

189 2599 724 2686 πρᾳομελιτοκατακεχυμενο
750 2632 792 2644 -
1217 2656 1220 2661 .

189 2681 1241 2767 κιχλεπικοσσυφοφαττοπεριστεραλεκτρυονοπτεγκέο·

189 2770 1187 2939 raptareturotayoooaepauopapqrpdyhhhhh'tpdyov(

103 2936 157 3003 Sic
178 2936 256 3001 enirn
277 2934 468 2999 difficillimus
489 2934 540 2998 ille
562 2934 643 2999 locus
665 2934 891 2999 conformandus
914 2935 1042 3001 ridetur:
1071 2958 1174 3003 rerum
1193 2934 1267 3003 hm

104 3024 132 3089 si
153 3020 315 3086 accuratius
336 3019 473 3107 persequi
493 3018 616 3100 vellem,
642 3018 761 3102 longam
783 3021 968 3106 requirerent
988 3020 1165 3087 orationem:
1191 3020 1267 3087 Phi·

95 3106 206 3173 *loxeni
232 3126 349 3170 carmen
377 3105 473 3168 notari
500 3124 518 3167 a
547 3103 738 3168 festivissimo
768 3114 855 3193 poeta
879 3105 967 3170 facile
994 3106 1115 3192 quilihet
1139 3106 1267 3173 monium

103 3191 260 3276 intelliget.
302 3188 405 3274 ltaque
431 3189 488 3252 ium
511 3187 652 3275 colligere
675 3209 830 3276 possumus
851 3188 924 3254 illud
945 3191 1124 3280 symposium
1145 3210 1183 3256 eo
1202 3191 1267 3281 ipso

104 3297 182 3340 auno
204 3277 233 3338 h.
245 3296 271 3340 e.
285 3273 372 3360 Olym
395 3271 558 3341 ‚xcvii
577 3273 609 3337 in
620 3272 847 3339 Atheniensium
862 3274 1034 3361 pervenisse
1053 3274 1187 3341 notitiam
1207 3296 1269 3341 mu·

104 3380 251 3449 gnamque
271 3380 341 3423 mox
361 3296 458 3423 [durae
467 3357 665 3421 celebritatem
688 3366 802 3422 uacmm
814 3379 890 3423 esse.
911 3358 973 3423 lam
987 3369 1167 3450 quantopere
1175 3358 1268 3425 Athe·

102 3446 224 3509 ruienses
245 3444 333 3507 etiam
351 3449 459 3531 postea
479 3463 515 3507 eo
537 3442 669 3507 delectati
691 3442 803 3506 luerint
822 3443 909 3507 etiam
936 3443 988 3508 ills
1009 3445 1074 3535 ipse
1095 3442 1268 3511 Aristotelis

103 3529 185 3594 locus
212 3548 267 3613 quo
295 3527 332 3591 de
362 3548 452 3616 supra
478 3534 573 3591 actum
600 3534 646 3590 est
671 3527 787 3614 arguit,
821 3527 852 3590 in
901 3548 937 3592 uo
968 3527 1102 3596 homiues
1127 3528 1269 3616 quosdam

102 3623 186 3679 notat
212 3614 364 3700 imperitos
390 3621 420 3675 et
447 3612 575 3692 otiosoS,
606 3618 717 3675 temere
743 3611 842 3676 omnia
870 3548 1057 3697 alludentes,
1082 3614 1132 3699 qui
1159 3614 1268 3682 ultimis

102 3698 294 3763 harbarorum
321 3694 422 3760 amicis
443 3703 474 3760 et
493 3694 688 3761 familiaribus
710 3703 828 3760 utuntur
849 3703 879 3761 et
898 3718 1020 3785 prorsus
1048 3706 1187 3788 expertes
1207 3697 1270 3765 sius

101 3781 282 3862 litterarum,
317 3780 377 3844 nisi
403 3780 478 3866 quod
506 3779 668 3845 Philoxeni
693 3780 881 3928 flsymposium
909 3802 1003 3882 nequo
1030 3783 1086 3848 hoc
1117 3784 1268 3872 integrum

103 3866 243 3955 legerint.
282 3862 325 3930 Et
345 3865 400 3929 hoc
419 3864 515 3953 ipsum
536 3887 654 3930 carmen
675 3887 692 3929 e
719 3865 790 3946 ecit,
812 3873 843 3929 ut
863 3864 1008 3953 Eryxrdis
1029 3867 1085 3933 lilii
1105 3869 1220 3956 prohru'
1235 3868 1268 3933 is

104 3950 278 4039 Cytherium
299 3957 414 4038 poetam
434 3959 544 4013 temere
560 3950 847 4015 transfunderentur·
868 3948 929 4015 Sed
952 3950 1031 4017 ulad
1053 3953 1131 4019 hunc
1151 3953 1189 4019 de
1209 3972 1267 4041 quo

103 4041 281 4134 exortaest
306 4034 463 4133 disputatio
488 4034 686 4133 Philoxenum
714 4042 864 4133 revertur,
896 4034 987 4101 lilium
1016 4036 1099 4119 sius,
1128 4045 1266 4124 querutum

102 4119 265 4287 rora
280 4126 362 4267 rr
380 4118 946 4289 terrraorout
983 4228 1024 4267 ω

188 4288 253 4355 Thr
273 4286 389 4365 ξουθὸν
409 4265 652 4375 tanatelcp'vdva
673 4288 770 4372 ζητῶν
790 4290 837 4365 τίς
857 4228 1052 4373 &resarta
