2760 4792
104 213 169 288 156
482 207 885 284 commonitiones

104 382 291 468 sententiam,
311 402 386 470 quae
406 379 572 448 tabularum
590 380 743 446 involucro
764 380 877 462 subest,
897 401 934 444 ea
952 379 1079 463 ratione,
1100 379 1270 483 quaeipsis

103 469 213 538 fabulis
246 469 396 548 convenit,
427 467 700 548 conformaverunt,
740 474 771 530 at
801 485 873 530 vero
906 463 1082 554 Euripides,
1115 467 1270 567 ingenuum

103 555 260 620 luxurians
280 560 311 618 et
330 551 457 617 effusum
477 552 582 617 nolens
604 549 739 638 angustis
758 550 807 614 his
827 549 962 614 terminis
978 550 1124 632 coerceri,
1144 550 1269 616 hherius
1298 560 1301 567 '

103 662 140 706 ea
159 641 351 718 incrementa,
373 636 566 722 quaelahulis
586 637 699 718 insunt,
719 634 796 700 solet
815 635 933 722 fingere
948 656 983 699 ac
1002 635 1165 723 refingere,
1184 637 1272 703 itaut

104 746 177 813 opus
203 723 291 812 plane
311 741 419 785 novum
440 728 471 786 et
487 722 523 786 eh
544 720 664 807 antiqua
684 721 783 808 specie
803 719 952 785 diversum
978 719 1133 802 exhibeat,
1158 721 1192 785 in
1212 742 1272 808 qno

103 810 173 896 quid
192 809 273 896 ipse,
294 806 363 892 quid
385 807 521 956 aepuales
542 807 673 871 sentiant
692 805 817 891 quidque
838 809 955 892 experti
981 804 1042 868 sint
1061 805 1151 870 multo
1173 807 1271 894 magis

103 901 232 982 spectat,
259 912 344 977 quam
364 891 414 976 qui
454 892 620 957 fabularum
649 889 772 977 ingenio
794 891 834 954 sit
859 890 1112 955 accommodatum.
1153 889 1274 957 Maiore

102 998 175 1043 vero
204 978 292 1042 etiam
312 975 433 1040 licentia
461 976 564 1041 comici
588 983 692 1065 poetae
713 975 760 1038 usi
779 973 897 1039 fahulas
917 974 959 1038 ita
979 976 1217 1059 conformarent,
1236 976 1275 1041 'ut

124 1084 227 1128 uorsus
245 1062 433 1162 praesentiae
455 1060 706 1133 accommodarent
731 1065 817 1147 atque
836 1060 894 1124 hoc
914 1065 1050 1144 unquam
1071 1060 1169 1146 aliquo
1189 1060 1276 1127 iuvo-

104 1083 188 1300 lte
210 1144 1021 1297 cteeuottmtrdc’retraheremur
1043 1145 1275 1297 {thedom

105 1339 171 1399 cum
198 1318 252 1381 suh
278 1315 410 1403 imagine
435 1312 488 1379 illa
514 1277 714 1379 absconditum
741 1312 846 1395 lateat,
876 1334 916 1378 ex
941 1314 1053 1414 paucis'
1067 1278 1277 1419 praecipusel

107 1402 251 1489 corruptis
283 1399 417 1486 rehquiis
449 1398 605 1486 indagare.
646 1397 783 1465 Fuerunt
815 1404 910 1463 autem
944 1398 1014 1463 ullae
1046 1402 1215 1468 comoediae
1244 1406 1284 1469 et·

106 1487 221 1552 inventi
255 1484 385 1549 novitate
417 1482 662 1549 commendabiles
695 1490 726 1548 et
754 1482 870 1570 largam
901 1483 1019 1547 ridendi
1044 1486 1277 1572 suppeditabant

105 1570 268 1652 materiam,
289 1590 450 1655 cum-quae
472 1575 559 1634 antea
580 1573 681 1634 essent
701 1569 737 1632 ab
760 1569 851 1656 epicis
867 1568 1028 1655 ettragicis
1048 1572 1143 1658 poetis
1164 1592 1278 1661 magna

105 1677 171 1721 cum
207 1654 352 1743 dignitate
392 1660 540 1736 tractata,
587 1653 619 1717 in
657 1652 848 1718 festivitatem
887 1652 1092 1739 levitatemque
1130 1677 1277 1725 conversa

104 1747 227 1822 essent,
248 1746 334 1824 atque
355 1739 387 1802 in
408 1760 521 1803 summa
540 1737 586 1802 rei
607 1737 726 1803 levitate
747 1738 857 1826 grandi
877 1750 975 1803 tamen
996 1741 1125 1805 sermoni
1146 1747 1178 1808 et
1196 1741 1277 1809 utus

105 1846 222 1891 soccum
252 1824 424 1912 assurgenti
454 1825 581 1910 itemque
606 1823 710 1888 metris
737 1845 756 1888 a
782 1822 932 1888 comoedia
963 1823 1050 1911 paulo
1082 1824 1275 1894 alienioribus

105 1910 186 1978 locus
208 1916 289 1975 esset
309 1909 404 1975 datus.
445 1908 509 1973 Iam
529 1928 601 1974 vero
623 1928 683 1973 non
703 1909 798 1997 potuit
817 1929 878 1972 nen
897 1899 964 1972 lieri
985 1915 1024 1978 ut¹
1037 1910 1139 1974 comici
1158 1919 1276 2015 poetae,

104 1996 149 2060 sic
169 2016 234 2059 cum
254 1994 368 2059 ludicra
388 1994 585 2059 admiscerent
604 1993 735 2072 severis,
756 1995 867 2080 passim
888 1992 976 2056 etiam
996 1993 1064 2061 illos
1085 2003 1204 2083 poetas,
1224 2018 1276 2084 qur

104 2087 192 2146 antea
203 2081 236 2144 in
245 2080 293 2144 his
313 2077 388 2167 ipsis
409 2078 593 2164 argumentis
607 2077 719 2140 versati
731 2077 861 2157 fuerant,
881 2077 1119 2178 perstringerent
1135 2102 1170 2145 ac
1189 2090 1275 2148 non·

103 2172 185 2230 rent:
217 2185 320 2228 verum
346 2183 408 2226 non
433 2162 491 2226 luit
510 2161 566 2225 hoc
586 2161 756 2249 primarium
783 2161 871 2224 tetius
898 2161 1025 2227 instituti
1045 2165 1217 2250 consilinm,
1241 2164 1275 2236 id

124 2250 181 2314 uod
202 2248 280 2312 falso
305 2247 438 2344 plerique
464 2245 599 2308 homines
624 2244 702 2310 docti
722 2244 903 2331 existimant.
944 2246 1008 2314 Iam
1027 2267 1100 2314 vero
1120 2257 1275 2318 reverten-

104 2271 174 2400 dum
196 2331 301 2397 estad
323 2328 440 2396 Cratini
461 2328 578 2396 Ulixes.
637 2350 685 2395 ee«
701 2328 756 2399 ,fit
786 2334 805 2397 ,’

190 2416 330 2484 Cratinus
351 2414 477 2480 Homeri
496 2412 626 2501 vestigia
649 2354 820 2501 pldrumque
840 2421 958 2480 secutus
978 2416 1021 2482 ita
1046 2418 1163 2485 videtur
1186 2419 1275 2489 insti·¹

104 2504 210 2586 tuisse,
231 2509 264 2567 ut
283 2501 369 2566 navis
384 2499 504 2567 Ulixem
525 2505 611 2583 atque
632 2499 728 2563 socios
749 2500 852 2565 terens
872 2502 998 2590 remigio
1020 2504 1164 2570 concitato
1173 2506 1273 2572 usain

104 2610 197 2654 scena
218 2587 455 2675 conspiceretur:
477 2604 615 2671 quorsum
636 2589 749 2672 spectat
768 2583 819 2649 ille
840 2605 961 2668 versus,
983 2608 1068 2673 quem
1089 2589 1274 2678 Hephaestio

103 2674 220 2782 profert
254 2694 283 2761 p.
304 2671 364 2738 462
399 2667 469 2735 Ὅτι
489 2665 594 2747 μέντοι
620 2672 671 2735 καὶ
705 2669 737 2734 έν
764 2673 808 2779 spi
829 2667 1067 2758 Ἅριστοφανείιμ
1094 2674 1273 2765 καλουμένῳ

104 2752 286 2843 αδιαφόραις
306 2750 505 2841 εὖρίσκεταιὸ
526 2749 711 2837 παραλήγων
731 2751 920 2832 ἇναπαιστος
932 2754 951 2840 ἢ
964 2761 1123 2835 σπονδεῖος
1143 2757 1274 2842 δηλώσει

105 2846 278 2950 Κρατῖνος·
319 2843 363 2917 εἰς
388 2838 447 2927 γὰρ
477 2837 552 2917 τοὺς
573 2835 744 2916 Ὀδυσσέας
770 2839 940 2922 εἰσβάλλων
969 2838 1070 2932 τοδτιρ
1097 2849 1142 2934 τῷ
1166 2845 1273 2936 μέτριρ

104 2929 300 3086 ἐχρησαίίνες
333 2998 375 3074 αδ
407 3005 522 3074 πόντον
553 3005 717 3092 κατέχοοσ’
747 3001 861 3117 αὔραις
901 3009 995 3099 νέφος
1026 3008 1171 3098 οὐράνιον
1198 3008 1271 3079 τίδ’

787 3121 802 3160 0
825 3121 849 3159 w
874 3121 917 3160 at·

103 3182 204 3250 Utitur
229 3186 325 3247 autem
351 3179 408 3244 hoc
427 3199 517 3244 versu
538 3177 645 3247 Ulixes
667 3184 718 3243 aut
738 3121 1015 3268 quodpllohahilius
1037 3184 1125 3248 etiem
1145 3182 1275 3266 videtum,

102 3268 210 3333 chorus
231 3267 377 3367 sociorum
403 3286 468 3329 cum
489 3270 575 3328 nocte
596 3263 763 3351 caliginosa
788 3265 826 3332 ad
847 3264 1011 3357 Cyclopum
1037 3268 1165 3334 insulam
1191 3288 1274 3335 acee-

102 3348 754 3514 duntilt'lllldslalddllrrltddlrlv01xuulidr2gdede
773 3429 934 3517 ἡγεμόνευε
977 3416 980 3421 ⁶

183 3518 298 3587 Νύκτα
319 3517 357 3584 δι’
381 3517 548 3605 ὀρφναίην·
569 3515 642 3583 οὐδὲ
662 3516 864 3603 προῦφαένετ’
888 3518 1028 3586 ἰδέσθαι·
1081 3563 1084 3569 -

47 3621 49 3624 ’
185 3603 260 3690 'Ado
281 3602 339 3688 γὰρ
362 3605 448 3690 παρὰ
467 3605 556 3688 νηυσί
576 3607 676 3685 βαθεῖ
689 3593 746 3685 ’ἦν
768 3602 840 3668 οὐδὲ
860 3601 970 3688 σελήνη

192 3687 375 3776 Οὐρανίθεν
397 3685 582 3774 προῦφαινε·
608 3687 759 3771 κατείχετο
780 3689 838 3773 γὰρ
860 3692 1024 3775 νεφέεσσιν.

104 3783 135 3843 et
155 3798 229 3863 quae
250 3780 420 3861 sequuntur.
461 3773 574 3839 Forma
594 3773 691 3839 media
719 3768 839 3858 ὁρῶμαι
845 3822 855 3853 ,
882 3777 926 3840 uti
946 3775 1023 3840 aliae
1043 3773 1144 3864 plures
1164 3775 1198 3841 in
1218 3774 1276 3841 hac

104 3861 264 3941 comoedia,
286 3881 325 3925 ex
346 3859 492 3948 epicorum
512 3865 664 3948 poetarum
685 3880 741 3924 usu
752 3859 846 3924 ascita
866 3881 934 3925 esse
955 3861 1081 3943 videtur,
1101 3880 1275 3947 quamquam

104 3946 192 4013 etiam
211 3944 429 4033 Aristophanes
450 3942 543 4033 Vesp.
564 3964 593 4008 v.
616 3944 678 4009 183
698 3944 731 4008 in
751 3965 842 4009 versu
863 3945 996 4011 trimetro
1017 3967 1055 4011 ea
1074 3966 1146 4012 usus
1168 3953 1231 4012 est:

187 4031 303 4112 Ποῖονς
324 4027 396 4116 φέρ’
420 4028 545 4110 ἴδωμαι.
588 4028 736 4094 Τουτονί·
760 4028 861 4093 Τοοτί
878 4031 910 4093 τί
927 4022 979 4111 dn

104 4115 155 4182 Ad
176 4114 300 4181 eandem
325 4134 398 4179 vero
426 4114 546 4181 fabulae
572 4121 685 4202 partem
711 4114 841 4202 pertinet
860 4115 948 4179 etiam
969 4113 1022 4179 ille
1041 4135 1167 4199 versus,
1188 4135 1275 4201 quem

104 4200 288 4291 Hephaestio
316 4200 419 4265 eodem
447 4200 513 4265 loco
543 4198 681 4289 proponit
704 4199 799 4264 inlre:
837 4196 985 4284 Ἐποίησε
1011 4198 1049 4265 δέ
1070 4224 1141 4267 τινα
1168 4201 1276 4284 στίχον

104 4288 156 4351 καί
176 4284 325 4374 σπονδιίιρ
344 4290 389 4374 τῷ
410 4279 618 4371 παραλήγοντι
638 4280 839 4370 κεχρημένον·
