2760 4792
123 213 169 288 eo
263 212 281 233 ·
499 203 904 280 commaramouus
983 178 1015 260 Ἰ

123 382 308 466 Μαραθῶνι
334 374 466 462 Δήλιον·
508 378 560 441 καὶ
592 372 674 441 ἔστιν
705 373 881 462 λεροοκοαία
914 378 970 458 τῆς
995 372 1052 457 μὲν
1077 374 1120 450 εἲς
1146 367 1295 459 Δελφοδς

123 466 258 552 θεωρίας
278 466 311 530 ἔν
331 470 375 552 τῷ
398 465 430 530 ἔν
454 458 548 548 Οίνόη
568 463 707 549 Πυθίῳ,
720 467 777 545 τῆς
797 461 832 527 δὲ
852 463 895 537 εἷς
915 462 1023 543 Δῆλον
1044 459 1075 524 ἔν
1095 462 1140 548 τῷ
1161 460 1194 523 ἓν
1214 459 1296 521 Μα-

123 556 245 703 ρφθῶνι
266 550 384 634 Δηλίῳ.
417 569 457 613 ex
477 568 534 632 quo
555 547 618 610 loco
640 547 713 611 satis
740 554 885 637 superque
905 544 1115 635 perspicimus,
1151 543 1296 609 familiam

158 637 219 701 isse
241 656 315 720 quae
335 633 448 720 Pythia
469 654 570 713 sacra,
597 638 628 696 et
649 632 753 715 aliam,
786 652 860 718 quae
882 631 974 695 Delia
995 637 1125 694 curaret:
1159 635 1298 778 corrupta

124 727 224 786 tamen
245 727 314 784 suat
333 719 426 782 verba
446 718 571 781 Πυθίου
600 717 633 780 δὲ
654 719 705 780 καὶ
727 714 900 799 Δηλιάδεςι
944 736 1019 801 quae
1040 714 1067 779 si
1089 715 1126 779 ad
1147 713 1228 802 ipsas
1283 751 1298 766 -

125 805 222 873 milias
244 810 314 868 sunt
333 802 509 885 referenda,
543 822 599 886 quo
619 808 704 890 pacto
725 802 877 876 emendem
899 820 960 864 non
980 801 1093 883 habeo,
1123 820 1297 885 quamquam

125 911 233 955 nomen
253 889 322 952 illas
343 888 489 968 familiaS,
516 909 534 950 a
556 887 803 969 solemnitatibus,
841 886 945 971 quibus
965 891 1139 973 praeerant,
1166 885 1298 949 traxisse

126 979 355 1040 consentaneum
383 981 443 1036 est:
476 972 656 1061 probabilius
685 979 780 1036 autem
807 980 876 1059 puto
903 971 958 1035 bas
986 971 1068 1059 ipsas
1095 971 1299 1034 solemnitates

126 1059 298 1124 nominatim
319 1081 338 1123 a
357 1056 537 1121 Philochoro
568 1056 753 1143 significari,
790 1057 888 1119 scribo
921 1056 1027 1120 iitur:
1069 1051 1225 1117 Πυθιάδα
1246 1056 1300 1118 καλ

127 1139 288 1226 Δηλιόδαι
332 1149 362 1206 ολ
380 1142 518 1205 videntur
539 1140 626 1204 etiarn
648 1161 687 1204 ex
707 1141 764 1204 bac
783 1139 896 1204 familia
927 1077 1032 1204 delecti
1058 1161 1141 1222 esse,
1174 1140 1223 1225 qui
1250 1160 1301 1204 sa·-

72 1275 76 1283 =
128 1229 188 1294 cris
214 1229 245 1292 in
272 1225 352 1292 Delo
379 1225 478 1290 insula
498 1223 682 1288 celebrandis
704 1225 898 1290 interessent:
925 1226 1003 1288 sacri
1023 1230 1120 1288 autem
1141 1225 1186 1289 illi
1206 1223 1302 1312 legati

102 1312 306 1397 ,Δηλιαοταλ
326 1311 423 1374 vocati
443 1315 527 1391 sunt,
559 1309 620 1372 vid.
648 1309 865 1398 Harpocration
890 1330 919 1396 p.
939 1308 997 1374 48:
1033 1309 1242 1391 Δηλιασναί·
1270 1308 1303 1373 οἳ

129 1401 172 1474 εἷς
192 1400 300 1479 Δῆλον
320 1389 495 1470 ἐξελθόντες
514 1393 643 1478 θεωροί·
671 1396 859 1478 Λυκοῦργος
879 1392 958 1456 κατὰ
980 1394 1209 1475 Μενεσαίχμου.
1252 1391 1304 1459 Si·

129 1482 239 1549 militer
259 1479 445 1567 Hesychius:
488 1479 678 1560 Δηλιασταί·
716 1479 746 1542 οἶ
772 1482 814 1555 εἰς
834 1479 941 1560 Δῆλον
967 1476 1152 1559 πεμπόμενοι
1177 1479 1305 1564 θεωροί.

130 1565 172 1635 Et
190 1567 290 1654 legem
316 1564 461 1650 quandam
481 1563 519 1627 de
539 1563 684 1627 Deliastis
710 1564 788 1628 inter
814 1559 951 1646 κύρβεις,
983 1563 1136 1648 inquibus
1157 1563 1243 1652 leges
1266 1563 1306 1629 do

129 1653 220 1719 rebus
241 1650 334 1714 sacris
356 1655 441 1712 erant
459 1649 658 1761 perscriptae,
679 1655 885 1713 commemorat
903 1646 1076 1712 Athenaeus
1096 1647 1151 1715 vl.
1177 1671 1206 1737 p.
1228 1647 1316 1716 234..

131 1734 177 1802 E:
224 1733 277 1798 Ἐν
297 1734 331 1797 δὲ
350 1741 415 1809 τοῖς
436 1738 560 1819 κυρβεσι
581 1741 645 1806 τοῖς
671 1735 738 1818 περὶ
768 1739 831 1798 τῶν
860 1733 1046 1815 Δηλιαστῶν
1072 1729 1169 1808 οότως
1194 1733 1308 1818 γέγρα-

132 1839 218 1887 πται·
259 1819 327 1883 Καί
350 1820 395 1883 τὼ
417 1815 527 1902 κήρυκε
542 1818 574 1882 ἔκ
594 1816 770 1900 τοῦγένους
790 1823 851 1883 τῶν
873 1815 1013 1903 κηρύκων
1032 1823 1088 1881 τοῦ
1109 1823 1165 1901 τῆς
1184 1822 1308 1902 μυστη-

134 1903 290 1994 ριωτίδος·
313 1900 442 1978 τούτους
463 1901 497 1966 δὲ
517 1910 694 1987 παρασιτεῖν
715 1904 747 1967 ἓν
766 1908 811 1967 τῶ
828 1903 938 1989 Δηλίῳ
959 1899 1108 1967 ἐνιαυτόν.

217 1990 265 2054 lta
286 1995 382 2053 autern
402 1995 489 2076 poeta
509 1987 626 2052 videtur
646 1966 820 2069 instituissb,
842 1995 875 2050 ut
894 1989 958 2088 ipse
980 2009 1092 2073 quoque
1115 2009 1228 2053 sacram
1250 1986 1308 2052 ali·
1343 2030 1351 2045 .

134 2094 221 2163 quam
240 2074 420 2160 legationem
442 2093 477 2136 ac
497 2092 631 2159 pompam
652 2070 832 2152 institueret,
874 2093 921 2135 cur
942 2073 1075 2136 homines
1097 2072 1309 2160 profligatissi-

135 2161 177 2226 mi
197 2161 394 2236 interessent,
415 2156 473 2219 huc
493 2176 600 2219 revoco
621 2154 704 2235 illud,
731 2156 805 2240 quod
828 2161 874 2218 est
894 2157 970 2243 apud
982 2155 1139 2222 Scholiast.
1151 2157 1308 2246 Aristopb.

136 2242 198 2312 Av.
218 2263 248 2306 v.
269 2239 369 2306 1294:
402 2240 452 2303 ubi
473 2238 668 2326 Symmachus
689 2238 866 2304 haecdicit:
892 2241 1058 2304 (δαίνυνται
1079 2243 1134 2306 τὸν
1154 2244 1308 2327 Λυκυῶρω

135 2351 197 2433 γον,
210 2323 384 2433 Λίηόνττιον
411 2319 485 2388 εἶναι
507 2323 676 2431 νρμίζοντερ
697 2320 716 2404 ἢ
736 2321 773 2386 τὸ
791 2323 876 2431 γένος
895 2321 915 2407 ἢ
931 2324 1009 2433 ,τορός
1029 2323 1176 2438 τρόπους·
1210 2330 1311 2411 Φερε-

136 2435 252 2562 llit-²³
265 2409 408 2570 tttlt.
429 2492 463 2557 υ
481 2410 618 2567 llt‘tt
638 2433 693 2557 tt
712 2410 1311 2583 ’abt‘§tttttttlthtttt

134 2578 173 2649 ‘0
199 2581 233 2646 δὲ
258 2577 426 2665 καλοίσιρος
450 2577 545 2660 χιτῶν
574 2575 791 2660 πλατόσημος·
832 2583 909 2664 φησί
943 2583 976 2644 δὲ
1002 2581 1231 2665 Κηφισόδημος
1261 2579 1312 2646 ότι

141 2667 321 2750 Αίγνπῐίων
341 2660 361 2746 ἡ
383 2663 480 2739 λίξις,
511 2659 668 2743 διαβάλλει
690 2665 724 2727 δὲ
746 2661 878 2746 adscivi}
900 2660 942 2740 ῶς
961 2665 1080 2750 ξίνονῆ
1102 2665 1144 2744 ὡς
1165 2663 1312 2753 πονηρόν.

139 2751 301 2818 Bokkerus
323 2747 427 2835 φέρων
447 2749 573 2834 δίφρονι
595 2770 701 2813 versus
723 2749 766 2812 ita
786 2750 1019 2815 constituendus:
1278 2788 1281 2793 ·

227 2831 374 2901 Τοότοισι
402 2831 432 2897 δ’
457 2831 585 2908 όπισθεν
610 2832 665 2898 ἴτω
687 2833 798 2942 δίφρον
828 2835 929 2922 φέρων
948 2839 1133 2923 Λυκοῦργος
1154 2833 1231 2919 ἔχων
1253 2860 1313 2900 κα-

702 2923 771 2982 λασι
794 2944 831 2983 ιν.
1001 2976 1007 2984 .

140 3003 276 3070 Fuerunt
297 3010 393 3069 auteur
417 3003 504 3072 huius
525 3003 666 3091 Lycurgi
692 2943 821 3068 fortoise
848 3026 954 3069 revera
982 3007 1123 3091 quaedam
1152 3010 1252 3094 partes
1278 3004 1314 3069 in

142 3091 236 3154 sacris
256 3088 317 3153 illis
338 3089 533 3154 renovandis:
577 3089 711 3176 suspicor
732 3089 809 3153 enirn
831 3089 909 3154 hunc
928 3091 1034 3177 Lycur
1059 3112 1105 3155 nm
1127 3113 1213 3154 avum
1242 3110 1314 3154 esse

141 3174 281 3262 Lycurgi
302 3175 428 3238 oratoris
449 3173 641 3254 nobilissimi,
675 3173 712 3239 de
738 3195 795 3260 quo
822 3173 898 3238 dixit
917 3112 1067 3239 Plutarch.
1089 3177 1141 3239 vit.
1162 3175 1201 3239 X.
1223 3180 1312 3240 oratt.

142 3260 175 3326 in
196 3258 333 3324 exordio:
355 3305 359 3309 -
376 3259 561 3343 Λυκοῦργος
586 3256 704 3338 πατρὸς
723 3259 779 3340 μὲν
793 3248 836 3340 ’ἦν
856 3255 1064 3343 Λυκόφρονος
1083 3266 1138 3339 τοῦ
1161 3255 1315 3343 Λυκοόρ-

142 3368 215 3430 you,
237 3341 272 3407 όν
293 3342 323 3408 οἳ
343 3338 505 3428 τριόκοντα
526 3340 669 3426 τόραννοι
692 3340 882 3420 ἀπέκτειναν,
911 3346 1009 3409 αι’τίου
1031 3344 1127 3408 αὐτοῦ
1149 3351 1203 3426 τῆς
1225 3343 1317 3407 ἀναι-

144 3429 254 3514 ρόσεως
273 3427 433 3513 γενομένου
450 3425 672 3511 Ἀριστοδήμου
694 3431 853 3510 Βατῆθεν,
888 3425 922 3504 ὃς
948 3431 999 3492 καί
1022 3428 1243 3512 ἑλληνοταμίας
1263 3453 1317 3512 γε·

144 3514 269 3595 νόμενος
289 3510 398 3598 ἔφυγεν
420 3514 452 3578 ἐν
472 3518 510 3600 τῇ
532 3514 734 3602 δημοκρατίᾳ,
760 3512 815 3577 τόν
835 3516 935 3595 δῆμον
956 3514 989 3578 δὲ
1011 3512 1188 3600 Βουτιίδης,
1210 3513 1318 3597 γόνους

143 3604 199 3666 τοῦ
220 3603 283 3662 τῶν
301 3597 556 3677 Ἐτεοβουταδῶν.
599 3598 679 3663 Huic
706 3603 800 3663 autem
828 3599 958 3663 familiae
971 3599 1172 3663 nobilissimae
1189 3600 1245 3663 fuit
1266 3620 1318 3663 sa-

144 3705 261 3749 crorum
316 3684 453 3771 raecipua
483 3705 555 3747 cura
584 3684 737 3765 mandata,
778 3682 937 3748 Minervae
967 3685 1094 3748 maxime
1122 3691 1151 3747 et
1175 3683 1318 3773 Neptuni.

143 3767 208 3834 Iam
234 3704 314 3855 qual
341 3767 487 3859 Lycurgo
514 3766 563 3832 Ae
628 3769 697 3832 tiam
727 3768 873 3856 originem
904 3769 1013 3857 probro
1047 3769 1207 3849 dederunt,
1245 3768 1317 3832 inde

145 3853 351 3946 explicandum
372 3860 452 3941 puto,
492 3853 550 3917 uod
565 3789 773 3917 Ιἒόόολσλαδιιο
795 3875 890 3941 genus
911 3854 1083 3941 repetebant
1104 3876 1123 3917 a
1142 3851 1241 3935 Buta,
1262 3873 1319 3917 ne-

144 3947 214 4028 pote
234 3937 431 4002 Erichthonii.
524 3938 752 4023 tiquissimorum
773 3947 868 4003 autem
889 3960 1005 4025 regum,
1028 3937 1181 4025 Cecropis,
1204 3937 1319 4019 Erech-

146 4022 224 4103 thei,
255 4022 377 4087 ahorum
405 4022 539 4112 origines
566 4021 768 4127 ex'Aegypto
788 4024 847 4112 ipsi
866 4021 1069 4088 Athenienses
1092 4023 1251 4087 deduxisse
1272 4022 1319 4087 vi-

147 4107 265 4189 dentur,
286 4128 458 4193 quamquam
478 4129 532 4197 pro
553 4113 795 4195 magnanimitate
815 4107 1005 4197 peregrinam
1026 4109 1147 4197 stirpem
1158 4107 1318 4196 repudiare

148 4198 181 4257 et
199 4191 282 4260 nulla
301 4191 361 4257 alia
380 4214 414 4258 re
435 4192 533 4281 magis
554 4192 679 4280 gloriari
703 4192 855 4275 solebant,
889 4213 974 4279 quarn
1001 4193 1077 4279 quod
1098 4200 1199 4257 essent
1220 4192 1319 4257 abori-

148 4275 251 4369 gines:
273 4284 395 4345 atvero
415 4277 534 4344 comicis
554 4277 650 4368 poetis
670 4276 754 4344 licuit
778 4277 888 4347 fanan
908 4277 990 4346 ibam
1010 4277 1143 4365 quamue
1163 4277 1320 4345 obscuram
