2760 4792
107 261 171 327 1⁰0
499 249 903 322 commutamnus

107 435 138 493 at
164 423 289 515 egregie
315 432 345 489 et
367 423 555 513 Protagorae
577 426 608 486 et
625 418 749 486 Euathli
773 421 930 509 ingenium
953 418 1096 503 idustrat,
1129 416 1277 519 planoque

107 513 278 578 documento
306 510 419 597 arguit,
451 528 536 593 quam
564 528 641 571 vana
668 526 810 592 quamque
835 506 1006 597 perniciosa
1034 506 1093 569 ista
1113 510 1153 569 srt
1178 504 1278 569 disse·

106 597 193 662 rendi
224 594 380 660 subtilitas.
432 591 592 657 Euathlum
623 592 811 691 Protagorae
846 589 1020 679 discipulum
1058 589 1152 653 fuisse
1173 588 1276 654 etiam

106 680 320 757 Quinctitiauus
341 677 397 743 III.
420 679 438 742 1
469 677 627 742 memoriae
647 676 790 765 prodidit:
816 678 1235 755 AbderitesProtagom,.
1251 694 1277 735 a

106 771 301 850 praedecesso
321 765 471 827 millibus
494 767 707 826 δυαανλονιιττ
733 766 892 824 didicisse
919 775 1040 835 artem,
1077 781 1178 842 qm
1203 762 1277 823 edi·

36 920 39 925 ,
106 858 170 927 dic,
191 848 363 912 Πυατλίυε
385 854 521 911 dieitur.
563 844 646 911 Idem
672 853 775 934 postea
800 846 974 933 magistrum
994 844 1151 932 impietatis
1173 842 1277 943 arguit

106 942 191 1021 atque
211 934 312 999 iuius
334 934 464 1014 vocavit,
486 932 513 995 si
533 952 605 995 vera
625 937 710 1011 sunt,
731 950 806 1014 quae
827 952 866 994 ex
886 928 1050 995 Aristotele
1071 928 1161 993 tradit
1179 928 1277 1075 anq.

104 1020 210 1084 Laerta
230 1018 285 1085 IX.
305 1017 362 1083 54:
407 1012 610 1099 Κατηγόρησε
632 1014 664 1079 δ’
689 1012 785 1078 αὐτοῦ
805 1011 1004 1099 Πυθόδωρος
1018 1008 1209 1094 Πολυζήλου,
1260 1035 1278 1087 ς

104 1109 167 1169 τῶν
186 1103 400 1186 τετρακοσίων,
416 1098 627 1186 Ἀριστοτέλης
647 1097 680 1163 δ’
704 1096 852 1185 Εήαθλόν
877 1122 987 1184 φησιντ
1016 1099 1144 1162 fortasse
1166 1096 1277 1163 uuius-

105 1208 161 1275 que
182 1195 212 1253 et
231 1186 444 1275 Pythodori0)
465 1191 497 1248 et
516 1183 638 1248 Euathli
658 1190 758 1272 partes
779 1185 900 1249 fuerunt
929 1184 963 1247 iu
988 1183 1047 1247 ista
1073 1182 1275 1248 accusatione:

172 1358 202 1422 ²)
235 1354 418 1422 Pythodorus,
446 1369 525 1434 quem
546 1352 681 1419 Diogenes
704 1352 769 1408 dicit
790 1351 819 1407 in
835 1368 946 1408 nuaram
964 1352 1217 1422 quadringentorum
1234 1348 1277 1405 vi-

104 1441 195 1478 rorum
211 1423 309 1489 fuisse,
328 1423 394 1491 (qua
416 1423 522 1491 qmdem
543 1438 574 1474 re
595 1421 715 1490 quamuis
736 1421 874 1475 obscurius
890 1420 1022 1476 indicasse
1038 1421 1155 1488 videtur,
1178 1420 1278 1485 Prota-

104 1508 197 1559 goram
214 1506 247 1544 eo
269 1491 328 1559 ipso
346 1496 479 1559 tempore,
508 1505 561 1560 quo
587 1489 838 1557 quadringentorum
861 1488 1006 1549 dominatio
1021 1488 1132 1541 Athenis
1155 1492 1277 1552 gracum

105 1565 163 1628 est,
185 1559 387 1612 condemnatum
410 1557 519 1625 fuisse)
547 1562 640 1628 postea
657 1558 760 1612 videtur
775 1563 882 1626 puaetor
903 1556 986 1610 fuisse
1011 1558 1116 1625 olymp.
1134 1554 1233 1609 XCIV.
1249 1554 1277 1621 1,

104 1627 131 1682 tr.
146 1644 175 1682 a.
192 1643 225 1679 eo
242 1641 327 1692 anno,
344 1642 397 1695 quo
414 1625 524 1690 triginta
539 1625 657 1679 virorum
674 1625 813 1695 imperium
830 1625 1003 1678 constitutum
1020 1631 1070 1691 est,
1081 1623 1134 1678 vid.
1149 1620 1276 1691 Xenoph-

102 1696 208 1749 Hallen.
225 1695 260 1749 11.
277 1696 304 1759 3,
321 1695 351 1747 1:
385 1684 562 1760 Πυθοδώρου
580 1689 608 1743 δ’
631 1691 663 1744 έν
675 1686 815 1757 Ἀθήναις
831 1684 978 1759 ἄρχοντος,
1003 1683 1036 1743 δν
1049 1687 1218 1755 Ἀθηναῖοι,
1236 1682 1277 1743 te

104 1760 136 1815 έν
170 1759 315 1831 ὀλιγαρχίᾳ
348 1755 448 1831 ήρέθη,
483 1757 534 1812 οὐκ
573 1753 783 1829 ὀνομάζουσιν,Ι
807 1755 868 1811 ἀλλ’
897 1755 1035 1832 ἀναρχίαν
1069 1753 1118 1811 τὸν
1149 1750 1277 1809 ἐνιαυτὸν

103 1829 244 1882 καλοῦσιν.
284 1830 379 1895 Lysias
409 1834 499 1882 tamen
520 1844 569 1897 pro
593 1844 667 1881 sacra
695 1831 753 1881 olea
774 1827 800 1882 9.
831 1846 859 1897 p.
876 1827 928 1882 219
949 1828 991 1882 ed.
1013 1827 1096 1881 Bekk.
1130 1822 1276 1891 Pythodori

103 1898 212 1950 nomine
227 1897 321 1950 utitur.
354 1897 421 1949 Fuit
440 1902 529 1950 autem
552 1895 596 1949 hie
616 1896 784 1961 Pythodorus
801 1912 818 1948 e
833 1896 949 1949 Zenonis
972 1895 1037 1948 disci
1056 1894 1111 1974 lina
1131 1892 1274 1973 ρτοίοσλυγ,

103 1966 156 2020 rid.
174 1967 251 2019 Plato
267 1965 425 2018 Parmenide
449 1982 477 2033 p.
495 1963 546 2017 126
563 1963 603 2015 C:
640 1951 726 2021 Οὗτος
743 1958 758 2015 ὁ
773 1959 921 2031 Ἀντιφῶν
945 1965 1028 2014 Πυθο
1048 1978 1111 2030 ωρῳ
1136 1961 1192 2012 τινλ
1214 1962 1274 2025 Ζη-

106 2048 196 2091 νωνος
211 2030 310 2101 ἑταίρῳ
328 2026 417 2082 πολλὰ
433 2021 607 2096 ἐντετύχηκε·
638 2029 686 2081 καλ
708 2025 772 2087 τοὺς
794 2022 896 2097 λόγους
914 2024 962 2087 οὕς
978 2046 1044 2082 ποτε
1062 2022 1213 2100 Σωκράτης
1228 2024 1276 2079 καλ

104 2093 205 2164 Ζήνων
226 2099 275 2151 καλ
295 2097 475 2169 Παρμενίδης
497 2096 694 2163 διελέχθησαν,
725 2088 856 2154 πολλάκις
884 2089 1005 2155 ἀκούσας
1030 2096 1078 2149 τοῦ
1099 2086 1275 2167 Πυθοδιιλρον

104 2163 160 2219 ἀπο
185 2158 342 2235 νημονεύει.
365 2171 393 2218 et
409 2165 503 2217 deinde
520 2165 615 2217 asserit
636 2163 684 2216 hos
702 2163 888 2234 philosophos,
915 2181 976 2219 cum
997 2164 1114 2218 Athenas
1130 2163 1274 2229 venissem,

104 2185 183 2304 apud
191 2233 371 2298 Pythodorusn
388 2232 544 2286 devertisse:
572 2222 645 2299 Ἔφη
669 2228 700 2282 δέ
718 2226 893 2300 ὁἈντιφῶν
914 2232 1006 2300 λέγειν
1028 2227 1076 2285 τὸν
1098 2224 1223 2284 Πυθδδω
1242 2244 1275 2283 ον

105 2298 147 2354 ὅτι
162 2293 298 2369 ἀφίκοντό
316 2314 381 2350 ποτε
400 2301 440 2357 είς
456 2288 644 2362 Παναθήναια
667 2293 700 2348 τδι
722 2291 833 2368 μεγάλα
859 2292 959 2365 Ζήνων
976 2316 1004 2351 τε
1021 2300 1070 2352 καλ
1085 2301 1206 2369 Παρμεν
1235 2308 1274 2381 qe·

104 2354 631 2500 κθιωθυαθιθακ
653 2357 1274 2499 θ’-ικνίκικκακθαικε

105 2495 223 2569 Ζήνωνα
241 2500 272 2555 δὲ
290 2451 374 2571 ἔγγδζ
390 2501 459 2553 ἐτῶν
481 2471 678 2571 τετταράκδντα
700 2452 761 2554 εδότε
785 2453 870 2567 otiis,
900 2495 1006 2570 εὐμήκη
1024 2501 1055 2554 δέ
1077 2502 1126 2553 καλ
1138 2503 1273 2571 χαριέντσ

104 2570 190 2623 ἰδεῖν·
219 2571 268 2620 καλ
288 2571 420 2637 λέγε-σθαι
444 2564 529 2620 αὐτὸν
552 2564 667 2619 παιδικὰ
685 2572 733 2620 τοῦ
749 2568 931 2639 ,Παρμενίδου
947 2573 1108 2639 γεγονέναι·
1127 2561 1274 2623 καταλύειν

104 2636 137 2690 δὲ
161 2633 261 2695 αὐτοὺς
284 2636 339 2705 ἔφη
368 2631 445 2709 παρδι
474 2636 511 2701 τῷ
533 2627 698 2705 Πυθοδώρῳ
731 2633 807 2695 έκτδς
832 2641 950 2704 τείχους,
985 2638 1017 2690 ἐν
1039 2637 1214 2706 Κεραμεικῷ.
1239 2664 1274 2677 -
1334 2668 1338 2673 -

105 2702 188 2773 ἀναγι
210 2697 327 2757 νολσκειν
349 2692 401 2755 οὖν
423 2702 517 2761 αὐτοῖς
538 2702 586 2754 τὸν
603 2695 722 2767 Ζήνωνα
738 2698 837 2758 αὐτόν·
868 2700 916 2757 τὸν
933 2703 964 2758 δὲ
981 2704 1165 2775 Παρμενίδην
1182 2706 1273 2773 τυχεῖν

105 2772 157 2832 ἔξω
175 2722 242 2823 ἦτα
260 2771 307 2822 καὶ
323 2761 395 2822 εἶναι
411 2762 487 2823 πάνυ
503 2765 592 2841 βραχὺ
614 2770 654 2822 ἔτι
677 2768 776 2822 λοιπὸν
801 2773 855 2824 τῶν
878 2764 971 2841 λόγων
994 2769 1273 2841 ἀναγινωσκομένων,

104 2835 186 2905 ήνίκα
208 2831 290 2897 αὐτός
312 2854 339 2890 τε
362 2837 535 2890 ἐπεισελθεῖν
558 2839 613 2905 ἔφη
632 2832 646 2889 ὁ
663 2832 837 2898 Πυθόδωρος
860 2838 965 2899 ἔξωθεν
987 2841 1034 2891 καὶ
1056 2834 1105 2891 τὸν
1126 2841 1275 2910 Παρμενί-

106 2907 160 2972 δην
181 2903 242 2976 μετ’
264 2903 349 2957 αὐτοῦ
366 2905 414 2957 καλ
425 2903 604 2978 Ἀριστοτέλη
622 2900 670 2957 τὸν
688 2907 742 2957 τῶν
760 2900 905 2978 τριάκοντα
921 2902 1091 2978 γενόμενοντ
1125 2924 1188 2961 mam
1204 2908 1275 2963 hm

105 2973 286 3041 Pythodorum
307 2979 339 3026 ut
361 2980 508 3027 statuamus
530 2975 642 3026 eundem
666 2990 738 3041 esse,
773 2976 820 3043 qui
841 2976 912 3028 inter
933 2977 1137 3044 quadringentos
1155 2974 1208 3029 fuit
1230 2992 1275 3029 re-

70 3052 72 3057 ·
106 3048 214 3111 ceptus,
247 3041 354 3095 conficit
375 3045 418 3098 vel
438 3042 587 3096 Aristotelis
611 3048 737 3110 tanquam
760 3044 876 3113 aequalis
901 3051 930 3098 et
951 3044 1028 3097 amici
1050 3042 1274 3099 commemoratio.

106 3110 213 3163 Etenim
234 3110 390 3162 Aristoteles
413 3126 517 3179 quoque
538 3108 626 3162 fuerat
647 3127 716 3163 unus
738 3127 771 3164 ex
789 3112 986 3180 quadringentis
1003 3117 1106 3165 etcum
1124 3112 1178 3165 dux
1194 3116 1274 3179 esset,

106 3193 160 3231 ona
179 3194 240 3232 cum
261 3177 414 3231 Aristarcho
437 3183 464 3231 et
490 3177 636 3231 Melanthio
665 3178 822 3232 Estioneam
851 3180 1037 3247 communivit,
1070 3180 1122 3233 rid.
1148 3178 1274 3261 Xenoph.

105 3248 211 3300 Hellen.
229 3247 263 3301 ll.
280 3248 307 3311 θ,
323 3244 365 3299 dd.
401 3245 493 3299 Patria
514 3262 579 3300 vero
602 3246 716 3299 extorris
733 3263 749 3299 a
766 3247 981 3301 Lacedaemoniis
998 3247 1085 3301 socius
1102 3252 1143 3300 est
1159 3248 1274 3301 adsmtru

106 3318 143 3381 et,
159 3313 482 3379 cumLyssnderAthenas
489 3314 611 3383 cepisset,
627 3313 656 3366 im
673 3314 786 3382 patriam
796 3321 838 3368 est
848 3316 996 3384 restitutus,
1006 3314 1274 3383 caisnophmeuu.

106 3383 142 3435 11.
159 3380 185 3435 λ.
204 3381 247 3448 18,
264 3387 292 3433 et
307 3382 336 3433 in
353 3398 491 3435 numerum
508 3382 618 3448 triginta
634 3381 752 3435 virorum
768 3390 900 3452 receptus,
916 3384 979 3438 ibid.
998 3385 1030 3439 Π.
1047 3386 1075 3438 3.
1091 3382 1118 3450 λ,
1134 3388 1165 3435 et
1178 3382 1274 3437 deinde

106 3466 125 3502 a
139 3448 219 3502 sociis
235 3449 422 3503 dominationis
440 3450 639 3503 Lacedaemona
664 3449 760 3504 missus
786 3454 888 3517 legatus
910 3468 971 3505 com
987 3451 1131 3517 Aeschine,
1147 3456 1180 3503 ut
1194 3466 1274 3521 prse-

106 3516 203 3570 sidium
219 3516 256 3568 im
275 3522 381 3571 etraret.
404 3519 495 3587 ltaque
506 3517 673 3583 Pythodoms
690 3523 717 3571 et
726 3517 897 3586 Aristoteles,
913 3536 973 3573 cum
983 3525 1125 3587 utrumque
1137 3534 1224 3587 usque
1239 3516 1273 3571 sd

108 3586 185 3650 Olym
207 3586 245 3635 ,Χ
270 3585 306 3637 tV
318 3590 429 3637 aetatem
440 3585 596 3655 produxisse
608 3590 719 3651 constet,
731 3592 794 3640 tunc
804 3587 859 3640 iam
871 3588 1047 3656 provectiores
1058 3592 1145 3639 sente
1156 3584 1274 3653 morunt,

107 3659 154 3706 aut
231 3652 311 3703 σδυυι
327 3653 435 3706 iuvenes
451 3655 585 3706 Zenonem
602 3658 630 3705 et
645 3653 829 3707 Parmenidem
854 3656 1024 3719 audiverunt,
1058 3654 1082 3707 si
1104 3668 1169 3707 vers
1191 3653 1274 3707 tradit

107 3721 185 3773 Plato
207 3734 254 3771 eos
277 3717 318 3799 his
341 3718 405 3799 ipsis
427 3717 592 3802 philosophis
615 3721 747 3786 magistris
764 3738 826 3775 usos
844 3740 916 3789 esse,
969 3723 1021 3774 uod
1037 3722 1143 3791 quidem
1159 3736 1215 3775 non
1230 3720 1273 3777 ri·

107 3788 185 3840 detur
200 3787 229 3839 in
243 3786 433 3839 dubstatronem
448 3803 537 3842 vocam
552 3805 641 3858 posse,
658 3804 717 3841 cum
728 3790 806 3843 Plato
820 3791 900 3844 etism
912 3790 941 3843 in
950 3741 1087 3842 dicibiade
1102 3790 1125 3844 1.
1136 3806 1164 3859 p.
1171 3788 1225 3843 119
1238 3788 1273 3845 A·
1328 3796 1340 3809 ⁶

107 3854 288 3919 Pythodorom
296 3853 557 3908 nonnihileZenonis
569 3856 855 3926 disciplinsprofecisse
863 3859 1017 3912 contendatr
1029 3852 1138 3925 Ὥσπερ
1152 3851 1233 3923 tyrii

108 3922 155 3973 oct
170 3922 260 3972 εἰπεῖν
276 3916 323 3971 διὰ
340 3916 388 3985 τὴν
404 3914 535 3987 Ζήνωνος
559 3923 724 3989 (συνουσίαν
747 3938 780 3976 σο
800 3927 923 3997 ,ωτέρους
945 3925 1106 4007 γεγονέναι)
1129 3926 1163 3972 Π
1205 3915 1273 3975 ἰι-

108 4004 160 4109 o:
173 3981 379 4125 ccccc
393 3980 1272 4128 κείσθωαλα’κιλθλίωαέίταλτ

108 4139 164 4179 non
187 4124 323 4191 congruit,
351 4125 481 4193 siquidem
504 4126 635 4191 Diogenes
663 4126 742 4179 solita
763 4128 925 4194 negligentia
944 4127 1062 4194 Polyzeli
1090 4126 1176 4180 tilium
1198 4125 1271 4181 dicit.

108 4194 182 4245 Zeno
207 4197 295 4244 auam
323 4198 351 4247 et
371 4192 541 4246 Parmenides
569 4210 622 4263 quo
651 4199 769 4263 tempore
790 4195 906 4249 Athenas
953 4194 1102 4249 errenerint
1132 4194 1184 4249 etsi
1206 4194 1271 4249 ntis

108 4258 261 4325 ambiguum
282 4264 339 4326 est,
370 4276 426 4313 non
446 4261 569 4316 ridentur
588 4267 652 4315 ants
667 4263 772 4330 Olymp.
790 4264 891 4318 LXXX
914 4264 921 4278 ⁶
943 4280 975 4318 uc
996 4262 1198 4329 commigrasse
1224 4260 1271 4317 ssd

108 4326 174 4383 λιτοο
195 4327 341 4383 accuratius
364 4329 488 4401 persequi
503 4345 559 4384 non
574 4334 616 4383 est
631 4329 716 4383 υοείιτ·
730 4329 855 4389 instituti.
