2760 4792
152 201 197 284 m
483 218 501 304 ᾗ
528 206 938 279 οοοοιοατκυιοοοο
1051 191 1054 196 ’

151 390 212 448 tum
231 381 266 448 in
285 380 414 447 Piraeeo
434 376 545 446 luisset
566 377 644 464 quod
664 377 693 443 si
712 397 787 443 rora
806 376 898 442 tradit
916 377 1054 460 Photius‚
1074 378 1221 467 posterior
1242 385 1324 446 certo

151 489 291 533 uumerus
312 467 415 531 vitium
436 464 619 529 contraxerit
638 484 762 527 necesse
783 469 844 541 est3
866 463 995 527 fortasse
1016 463 1190 550 legendum:
1232 462 1325 531 ύστε-

152 577 207 635 ρον
229 552 262 616 δὲ
282 549 312 614 λ’
336 550 392 631 μὲν
419 549 452 612 δν
480 546 581 626 ἄστει,
617 547 651 612 ιί
670 546 702 612 δ’
726 548 759 611 δν
778 550 929 631 Πειραιεῖ.
970 547 1068 612 Plane
1088 554 1185 614 autom
1207 549 1325 615 dissen-

152 639 209 702 tire
236 636 352 701 videtur
377 633 414 697 de
445 655 568 698 numero
594 640 760 697 curatorum
780 633 826 696 rei
846 633 1057 697 frumentariae
1079 631 1194 720 Lysias
1216 635 1249 698 in
1268 635 1325 700 illa
1352 642 1356 651 '

152 742 237 809 quam
258 720 322 784 dixi
343 719 492 798 oratione3
524 739 591 782 nam
613 741 641 806 p.
661 719 735 782 717.
756 717 830 781 haec
850 716 1005 804 leguntur:
1044 715 1166 800 Ἐπειδὴ
1187 718 1245 803 γὰρ
1267 709 1344 783 oni-⁴

151 831 199 871 τοι
220 805 275 887 τὴν
297 804 397 866 αἰτίαν
418 806 460 879 εἰς
481 804 611 878 ἐκείνους
639 799 798 887 ἀνέφερον,
832 801 1098 886 παρακαλέσαντες
1117 802 1190 879 τούς
1210 801 1325 889 ι’ίρχον-

151 914 208 965 τας
228 889 406 973 ἠρωτῶμεν·
440 890 490 951 καὶ
518 888 547 951 oi
575 887 632 969 μὲν
656 884 713 952 δύο
741 885 830 952 οὐδὲν
855 884 978 972 ἔφασαν
1010 886 1120 951 εἶδίναι
1152 892 1208 952 τοῦ
1241 885 1325 975 προλ-

152 999 277 1058 γματος,
314 971 440 1048 Ἄνυτος
467 972 499 1036 δ’
524 971 635 1056 ἔλεγεν,
663 967 705 1047 ὣς
725 977 781 1035 τοῦ
802 972 953 1056 προτίρου
983 978 1132 1052 χειμῶνος
1158 978 1222 1037 κτλ.
1244 975 1345 1040 unde

152 1060 306 1124 conficitur
327 1068 388 1122 tres
409 1058 461 1121 illo
483 1065 613 1144 tompore
639 1057 751 1121 luisse:
795 1063 825 1119 at
852 1077 915 1120 cum
941 1055 1152 1122 florentissima
1172 1059 1325 1148 republica

153 1145 315 1230 quindecim
337 1141 431 1206 sciisse
452 1142 624 1222 videantur,
645 1163 748 1230 parum
768 1147 816 1204 est
835 1140 997 1205 verisimile
1016 1141 1069 1206 illo
1090 1149 1238 1231 tempore,
1265 1165 1324 1230 quo

152 1230 256 1294 civitas
278 1227 413 1291 omnibus
434 1227 654 1314 tempestatibus
680 1234 766 1310 atque
792 1225 936 1313 procellis
958 1227 1136 1309 iactabatur,
1169 1249 1325 1295 numerum

151 1315 256 1378 horum
276 1313 501 1398 magistratuum
528 1311 623 1375 luisse
649 1310 846 1379 imminutum:
890 1309 944 1374 sed
969 1317 1040 1398 puto
1067 1333 1199 1376 errorem
1226 1313 1325 1378 levem

152 1398 296 1484 quendam
316 1398 457 1459 subesse:
498 1395 684 1460 scribendum
705 1396 802 1484 potius
824 1399 886 1474 ost3
929 1399 980 1458 καὶ
1012 1395 1040 1458 υἱ
1060 1396 1326 1483 electenses:

151 1519 193 1533 -
209 1480 334 1555 ’Άνυτος
356 1480 403 1557 δέ,
448 1486 481 1543 ut
501 1480 707 1568 intelligantur
733 1480 860 1566 quinque
880 1478 943 1561 illi,
986 1481 1036 1566 qui
1055 1480 1089 1545 iu
1108 1479 1238 1546 Piraeeo
1258 1503 1326 1549 rem

150 1566 372 1633 frumentariam
394 1565 544 1628 curabant.

95 1646 98 1651 ’
235 1650 319 1715 luter
340 1671 431 1739 opera
452 1670 470 1712 a
490 1647 640 1714 Metiocho
664 1643 793 1712 Athenis
816 1653 966 1712 exstructa
985 1646 1044 1712 fuit
1064 1647 1150 1714 etiam
1173 1648 1327 1733 iudicium,

151 1735 228 1844 ‹puocl
250 1737 286 1799 ab
314 1755 349 1798 oo
371 1755 478 1798 nomeu
499 1731 642 1797 Metichei
662 1733 763 1797 traxit.
806 1731 993 1819 Hesychius:
1021 1735 1168 1814 Μητίχου
1189 1734 1325 1814 τέμενος·

151 1822 197 1902 ειή
224 1817 262 1886 ἂν
287 1816 322 1883 τὸ
350 1822 536 1900 Μητιχεΐον,
579 1815 776 1899 δικαστήριον
800 1816 889 1900 μίγα.
945 1817 1159 1883 Grammaticus
1186 1817 1328 1885 Bekkerl

152 1906 194 1970 Τ.
220 1905 245 1968 Ι.
297 1905 404 1969 .309.
434 1906 488 1968 17ε
541 1903 674 1982 Τέμενος
701 1898 883 2010 Μρτιόχου·
927 1899 1123 1988 δικαστήριον
1150 1901 1327 1984 ὀνομασθὲν

152 1988 213 2053 ἀπὸ
240 1927 405 2070 ίλίύτιύχου
433 1987 642 2069 ἀρχιτέκτονος
669 1984 689 2068 ἢ
721 1985 851 2072 ῥητορυς
877 1991 938 2050 τιῦν
966 1987 1002 2049 οὗ
1024 1987 1063 2050 τὰ
1083 1988 1222 2068 βέλτιστα
1243 2014 1326 2070 συμ-

151 2070 391 2158 βουλευσάντων.
424 2073 540 2136 videtur
570 2079 666 2135 autem
688 2073 744 2134 hoc
763 2072 775 2133 i
795 2093 859 2134 sum
885 2065 1051 2151 Μητιύχου
1072 2073 1193 2151 τίμενος
1215 2095 1255 2138 ex
1276 2095 1327 2139 co-

152 2161 227 2225 mico
259 2159 354 2241 aliquo
381 2164 468 2244 poete
494 2156 615 2245 petitum
642 2177 719 2218 esse.
794 2155 850 2218 δύο
872 2154 1024 2220 Pollucem
1044 2155 1130 2224 vffl.
1153 2159 1230 2223 121:
1278 2158 1325 2223 Tb

151 2243 298 2324 Μητίχου
321 2238 460 2320 κάλλιον,
483 2231 520 2303 οὗ
540 2235 720 2321 μνημονεύει
735 2237 927 2321 Ἀνδροτίων,
949 2245 979 2302 et
998 2240 1093 2304 infra:
1124 2241 1170 2304 Τὸ
1192 2244 1226 2306 δὲ
1245 2247 1326 2327 Μη-

151 2331 237 2410 τίχου
259 2322 455 2408 δικαστήριον
474 2322 569 2408 μίγα,
605 2321 685 2387 obem
716 2324 830 2405 κληθὲν
851 2322 913 2386 ἀπὸ
928 2321 1145 2405 ἀρχιτέκτονος
1166 2331 1325 2409 Μητίχσυ.

153 2411 237 2486 Quod
259 2411 371 2475 Pollux
392 2410 462 2474 licit
482 2417 616 2474 vocatum
638 2431 706 2473 esse
727 2409 875 2491 Μητίχου
903 2405 1041 2491 κάλλιον,
1084 2433 1145 2475 non
1171 2412 1267 2476 intelli
1290 2425 1331 2479 or·

153 2498 250 2562 scribo
277 2495 312 2560 τὸ
342 2497 488 2577 Μητίχου
521 2490 668 2570 κιιλιόν,
712 2494 755 2558 ita
782 2501 879 2558 autem
909 2494 1000 2559 luerit
1028 2496 1204 2585 appellatum
1231 2435 1327 2564 vela
1363 2564 1366 2571 ,

152 2582 244 2669 vulgo
267 2580 314 2644 vel
335 2603 354 2644 a
374 2581 483 2644 comico
505 2578 601 2664 aliquo
624 2586 725 2667 poeta,
761 2580 811 2663 qui
836 2602 890 2668 per
916 2579 1073 2644 ludibrium
1103 2581 1222 2646 volebat
1247 2583 1325 2649 indi·

152 2688 232 2748 care,
254 2688 339 2750 quam
361 2665 534 2730 condensati
550 2665 690 2728 sederent
708 2664 830 2728 iudices.
872 2664 951 2727 Nam
972 2674 1004 2732 ut
1024 2661 1043 2747 ἡ
1065 2666 1155 2728 καλιιλ
1177 2674 1207 2730 et
1228 2662 1244 2730 ὃ
1268 2694 1325 2732 κα-

152 2752 217 2824 λιδς
238 2751 358 2830 licitur,
401 2751 443 2814 ita
471 2751 557 2814 etiam
584 2748 620 2812 τὸ
643 2749 749 2812 καλιὸν
769 2750 888 2813 videtur
908 2749 1016 2814 (lictum
1037 2771 1123 2832 esse,
1166 2751 1226 2814 nisi
1246 2752 1325 2818 forto

152 2836 263 2899 Pollux
291 2835 354 2898 loco
381 2842 491 2899 temere
514 2835 662 2898 intellecto
684 2839 820 2898 neutrum
848 2855 945 2920 genus
972 2835 1131 2900 substituit.
1174 2834 1325 2904 Conferat
1359 2830 1368 2859 '

152 2922 247 3008 ipsum
275 2918 426 2983 Pollucem
452 2919 491 2982 X.
521 2920 595 2984 160:
641 2921 707 2982 Kal
735 2916 825 2981 καλιιλ
855 2918 888 2982 δὲ
908 2921 959 2982 καὶ
986 2916 1106 2998 καλιός,
1142 2915 1158 2983 ὃ
1186 2928 1326 3000 τοιοῦτος

154 3008 300 3080 οἰνίσκος,
330 3001 372 3078 ὡς
392 3005 547 3082 Κρατῖνος
570 3000 736 3091 Θρᾴτταις·
858 3023 861 3028 ’

233 3089 284 3164 'Eg
305 3087 358 3151 τὸν
380 3089 484 3153 ιιαλιὸν
504 3087 541 3170 ἢν
561 3085 637 3196 τύχρ
660 3088 875 3173 καθίργνυται.

145 3173 228 3256 Ἤδη
252 3174 285 3236 δὲ
306 3177 356 3236 καὶ
384 3173 436 3237 τὸν
464 3174 541 3258 πρὸς
568 3177 697 3254 οἷκησεις
725 3169 892 3254 ἐπιτήδειον
920 3169 1000 3237 abaco
1027 3173 1180 3257 λέγουσιν,
1224 3169 1267 3250 ὡς
1292 3175 1326 3240 ἓν
1361 3218 1366 3231 ·

150 3257 267 3322 Ἐλπίδι
285 3255 475 3339 Ἐπιχάρμου
498 3258 629 3344 εἴρηται·
668 3257 722 3322 τὸν
750 3264 805 3322 τοῦ
834 3259 966 3341 γείτονος
993 3256 1116 3338 καλιόν,
1153 3262 1184 3324 ἒν
1206 3260 1239 3324 δὲ
1260 3257 1326 3341 Βύ-

153 3341 278 3418 πόλιδος
298 3341 488 3428 Αὐτολύκῳ·
596 3379 602 3418 p

240 3431 368 3492 Οἶκοῖσι
390 3427 420 3491 δ’
446 3423 554 3492 ἐνθάδ’
579 3428 611 3493 ἐν
633 3429 731 3514 τρισὶν
751 3427 900 3503 καλιδίοις

241 3509 356 3596 Οίκημ’
381 3511 457 3594 ἔχων
479 3516 614 3588 ἕκαστος.

154 3598 248 3672 Quam
276 3606 387 3662 arctum
413 3600 446 3663 in
473 3598 568 3663 locum
594 3598 706 3663 iudices
732 3597 844 3662 luerint
871 3596 1014 3685 compulsi
1037 3603 1160 3686 propter
1185 3598 1326 3665 insanum

153 3684 225 3748 illud
253 3683 379 3746 studium
404 3705 504 3748 rerum
530 3684 693 3748 sorensium
719 3682 830 3747 indicat
859 3682 1075 3771 Aristophanes
1105 3684 1136 3747 in
1158 3682 1269 3773 Vespis
1295 3703 1327 3751 va

155 3771 255 3834 11072

163 3880 166 3885 ·
238 3849 438 3932 Ξυλλεγέντες
458 3851 524 3960 γὰρ
539 3850 618 3916 καθ’
643 3847 771 3931 ἑσμούς,
801 3847 927 3935 ὡσπερεὶ
950 3848 1133 3938 τάνθρήνια,

243 3937 281 4000 Oi
302 3937 358 4016 μὲν
378 3934 465 4017 ἡμῶν
487 3962 580 4021 ουπερ
602 3933 722 4021 ἅρχων,
744 3936 773 4001 oi
795 3937 829 4000 δέ
849 3936 926 4020 πρὸς
946 3946 1010 4012 τοῖς
1030 3939 1159 4018 τειχίοις,

235 4021 274 4084 Oi
295 4020 327 4083 δ’
352 4023 385 4084 lv
405 4022 502 4108 ᾠδείῳ
525 4019 688 4098 δικάζουσ,
711 4022 740 4087 ολ
761 4023 795 4085 δὲ
816 4022 901 4104 παρὰ
922 4022 995 4096 τούς
1016 4023 1120 4086 ἕνδεκα

239 4103 494 4187 Ξυμβιβυσμίνσι
516 4106 629 4170 πυκνὸν
651 4104 783 4182 νεύοντες
804 4110 846 4182 εἷς
866 4107 921 4187 τὴν
941 4112 1012 4189 γῆν,
1034 4103 1124 4188 μόλις

231 4188 349 4276 Ὥσπερ
372 4192 400 4255 oi
423 4189 574 4274 σκώληκες
601 4193 634 4256 ἐν
655 4200 719 4268 τοῖς
739 4189 900 4274 κυττάροις
921 4188 1101 4272 κινούμενοι.
1189 4269 1191 4273 7

155 4275 204 4342 uhi
232 4275 288 4342 oluo
316 4277 502 4343 hemistichia
535 4278 720 4367 transposui,
754 4277 912 4364 legebatur
947 4276 1040 4343 enimc
1092 4277 1132 4342 Οἱ
1157 4275 1214 4359 μὲν
1238 4272 1328 4361 ἡμῶν
