2768 4770
117 208 182 277 300
266 256 270 262 -
492 202 898 290 commortuum

202 378 246 442 A.
267 370 327 459 Μή
346 399 400 459 μοι
421 370 556 461 φακούς,
575 372 622 456 μά
641 371 696 440 τὸν
716 373 790 441 Δί’·
811 373 849 441 οὗ
869 374 929 461 γάρ
948 370 1081 461 ἥδομαι·

96 470 103 491 ’
194 458 256 525 Ἢν
275 459 333 546 γάρ
355 456 452 546 τράγῃ
467 485 522 538 τις,
544 464 600 524 τοῦ
621 456 775 541 στόματος
796 459 854 538 άζει
875 456 978 526 κακάν.

117 566 147 612 v.
171 546 191 611 ί
218 547 324 634 scn'psi
345 544 481 632 εἴσφερε,
509 566 574 610 cum
599 545 689 633 vulgo
717 545 790 631 φέρε
815 545 984 633 legeretur,
1010 546 1173 634 eodemque
1195 547 1270 618 nolu

118 632 149 695 in
177 630 385 720 Aristophanis
416 631 584 716 fragmento
619 651 658 693 ex
690 629 952 695 Telmessensibus
984 632 1063 721 apud
1096 632 1273 705 Artenam

117 715 158 781 ll.
179 738 208 805 p.
228 716 271 781 49
293 714 329 782 C.
355 737 421 779 cum
441 716 578 779 Porseno
600 712 772 820 legendum:

418 802 464 863 A.
489 795 649 884 Τράπεζαν
669 808 741 880 ημῖν
755 798 874 885 εἷ’σφερε

203 889 293 971 Τρεῖς
313 879 411 959 πόδας
431 882 571 966 ἔχουσαν,
592 882 740 969 τέτταρας
760 884 793 947 δὲ
816 884 860 966 μὴ
877 881 979 993 ’giren

200 973 240 1036 Β.
265 972 331 1033 Καὶ
353 966 450 1033 πάθεν
470 969 528 1052 lyei
549 969 677 1054 τρίπουν
696 965 848 1056 τράπεζαν
867 975 1028 1055 ληψομαι,·

115 1076 145 1122 u.
165 1058 187 1123 3
207 1060 401 1143 transponere
421 1055 519 1143 possis
540 1055 646 1118 verba:

195 1139 276 1203 Ἰδοδ
298 1135 431 1224 τράπεζα
452 1141 503 1202 καλ
524 1135 610 1214 κάλιξ
630 1163 679 1203 σοι
700 1139 751 1201 καλ
773 1137 877 1224 φακοί.

114 1224 168 1290 sed
189 1231 273 1289 tueor
294 1224 447 1312 vulgarem
468 1224 623 1288 verborum
645 1225 794 1307 ordinem,
824 1224 873 1309 qui
894 1222 1015 1290 suavius
1037 1224 1076 1293 ml
1097 1248 1186 1295 aures
1205 1228 1272 1295 auri·

115 1310 166 1375 dit.
194 1309 342 1395 Loquitur
363 1316 459 1372 autem
481 1309 556 1373 luera
576 1310 718 1373 meretrix
740 1330 803 1374 cum
825 1329 914 1374 serva
935 1308 1047 1395 aliqum
1069 1312 1166 1379 eidem
1186 1336 1272 1381 meru·

114 1395 181 1457 trici
205 1393 402 1459 continuanda
429 1399 498 1457 sunt
524 1394 631 1476 verba,
674 1414 748 1479 quae
773 1393 914 1481 leguntur
934 1394 1011 1483 apud
1031 1393 1145 1463 Athen.
1163 1398 1230 1469 XV.

114 1481 177 1545 653
198 1478 242 1543 A:
263 1476 331 1543 ’Ότι
348 1478 382 1541 δὲ
402 1480 453 1541 καὶ
475 1477 675 1563 πεφωσμένας
697 1474 827 1560 ἰσχάδας
847 1475 975 1562 ἤσθιον,
1004 1480 1201 1571 Φερεκράτης
1219 1486 1239 1553 δ

113 1586 217 1628 κνυσιν
238 1565 270 1628 ἓν
291 1566 462 1649 Κοριαννοῖ
484 1562 579 1647 λέγων
600 1561 710 1639 οὕτως·

192 1646 281 1714 Ἀλλ’
305 1644 434 1728 ἰσχάδας
454 1673 508 1729 μοι
529 1644 635 1733 πρόελε
655 1652 716 1712 τῶν
737 1647 953 1733 πεφωσμένων.

114 1734 165 1796 καὶ
185 1732 254 1815 μετ’
279 1731 365 1816 ὀλίγα
384 1733 434 1796 δέ·

201 1816 267 1883 Οὐκ
288 1815 417 1900 ἰσχάδας
438 1815 530 1892 οἴσεις
549 1822 611 1882 τῶν
629 1821 796 1900 μελαινῶν;
815 1812 1000 1905 μανθάνειςς

192 1902 250 1967 Ἕν
270 1913 334 1979 τοῖς
355 1898 590 1985 Μαριανδάνοις
611 1902 733 1979 έκείνοις
752 1898 924 1988 βαρβάροις

196 1984 325 2072 Χάτρας
346 1993 474 2051 καλοῦσι
495 1989 550 2062 τάς
570 1987 714 2068 μελαίνας
735 1986 875 2068 ἰσχάδας.

110 2095 179 2138 nam
189 2074 332 2137 meretrix
346 2094 410 2136 eum
429 2077 586 2159 aspernata
601 2079 681 2136 esset
697 2073 868 2154 lenticulas,
888 2080 1011 2161 puerum
1020 2074 1097 2143 ficus
1115 2078 1174 2145 sibi
1193 2102 1277 2173 appu·

110 2181 184 2223 nere
205 2159 295 2222 iubet.
326 2156 400 2220 Item
423 2156 460 2220 ad
482 2155 723 2243 computationem
744 2158 928 2223 meretricum
949 2157 1007 2225 duo
1028 2160 1091 2227 alia
1213 2174 1277 2235 enh

111 2240 496 2327 satisinsigniareferenda
517 2249 595 2322 sunt,
616 2262 706 2305 unum
728 2242 804 2330 apud
817 2242 1004 2311 Athenaeum
1023 2244 1120 2339 le.
1181 2250 1258 2319 lA:

193 2325 250 2389 Ἕκ
271 2330 327 2390 τοῦ
348 2326 512 2406 βαλανείου
532 2323 590 2410 γὰρ
613 2328 743 2412 δίεφθος
768 2325 899 2411 δ’ρχομαι
1268 2333 1279 2349 ”

194 2409 304 2496 Ξηρδν
324 2410 438 2493 ἔχουσα
459 2409 515 2493 τὴν
535 2408 669 2497 φάρυγα.
711 2414 751 2475 Β.
773 2409 864 2477 δώσω
885 2421 972 2479 πιεῖν.

60 2562 61 2566 ,
192 2498 239 2561 A.
260 2495 413 2581 Γλίσχρον
433 2519 465 2559 τε
486 2496 598 2576 μοάστλ
621 2496 656 2562 τὸ
679 2497 786 2561 σίαλον
806 2496 842 2579 νὴ
864 2495 908 2563 rol
929 2494 1005 2565 θεά.

58 2583 60 2587 ’
194 2585 235 2647 Β.
259 2578 336 2664 Φέβ
361 2584 387 2645 εί
406 2576 493 2661 λάβω
514 2582 562 2645 col
583 2579 639 2663 τὴν
659 2582 821 2665 κυλίσκην,·
862 2585 905 2646 A.
927 2586 1110 2671 Μηδαμῶς,

196 2663 327 2750 Μικράν
346 2686 394 2749 γε·
417 2674 538 2729 κινεῖται
559 2664 616 2751 γὰρ
638 2663 733 2743 stom
752 2691 806 2747 μοι
824 2663 919 2751 χολή,

191 2748 245 2826 Ἐξ
266 2742 358 2835 οὗπερ
380 2748 464 2813 έπιον
484 2751 516 2813 έκ
538 2746 682 2833 τοιαάτης
702 2747 876 2837 φάρμακον.

196 2838 252 2912 Βλς
271 2835 327 2918 τὴν
347 2831 423 2916 ἐμήν
443 2860 496 2898 νον
514 2832 614 2919 έγχεον
635 2835 691 2918 τὴν
711 2840 842 2917 μείζονα·

111 2920 186 2986 hera
207 2921 371 2986 enimcum
392 2941 479 2984 servo
500 2920 688 3006 colloquitur,
716 2942 801 3006 quem
821 2923 921 2987 vinum
943 2924 1001 2989 sibi
1021 2930 1169 3015 praebere
1189 2936 1277 3007 iulet.

112 3005 211 3075 Versu
237 3012 339 3092 quarto
366 3006 471 3094 scripsi
498 3003 569 3091 φέρ’
599 3008 625 3069 ελ
651 3004 738 3086 λάβω
766 3031 833 3084 σοι,
876 3030 941 3073 cum
966 3010 1058 3099 vulgo
1085 3015 1154 3085 sine
1188 3042 1278 3091 sensu

111 3093 152 3154 Ελ
168 3088 255 3171 λάβω
276 3091 393 3176 κυρίσοι
414 3091 580 3178 legeretur3
609 3111 780 3176 quamquam
800 3091 857 3155 luit
878 3114 943 3160 cum
963 3096 1168 3171 existimarem
1194 3106 1277 3197 plan

111 3175 275 3260 excidisse,
297 3184 381 3260 atque
402 3175 459 3239 ista
480 3176 523 3240 sic
545 3175 755 3241 contemnanda
775 3198 858 3241 esse:

197 3305 286 3326 .....
319 3260 372 3325 Φέ
376 3258 407 3345 ρ’
432 3262 464 3323 εί
484 3255 590 3341 λάβω

188 3335 231 3408 Ὦ
252 3346 363 3431 κυρία
385 3369 445 3409 σοι
466 3346 522 3428 τὴν
542 3346 732 3426 κοτυλίσκην.

109 3447 280 3515 quamquam
302 3430 451 3494 Atticismi
476 3430 612 3517 magistri
637 3452 722 3494 usum
751 3428 839 3495 huius
865 3432 1001 3499 vocabuli
1028 3434 1218 3527 improbant:
1248 3448 1279 3511 ιε

108 3534 180 3579 vero
202 3514 403 3579 Antiatticista
424 3514 561 3579 Belrlreri
587 3515 628 3579 Τ.
649 3514 674 3579 Ι.
694 3536 723 3602 p.
746 3514 825 3598 102,
845 3518 903 3583 26:
934 3520 1103 3605 Καρίαν·
1132 3523 1175 3591 οὔ
1201 3552 1278 3615 φησι

108 3599 171 3662 δεῖν
192 3599 293 3681 λέγειν,
317 3598 394 3661 ἀλλά
416 3598 666 3682 κεκτημένην·
687 3599 741 3663 τὸν
761 3600 796 3663 δὲ
816 3602 1048 3684 κεκτημένον
1064 3606 1112 3691 μὴ
1132 3610 1279 3697 λέγεσθαι

107 3680 175 3747 άντί
196 3689 252 3748 τοῦ
274 3681 433 3747 δεσπότου.
464 3683 617 3767 Φρύνιχος
637 3680 791 3767 Σατύροις
811 3688 1044 3769 κεκτημένον
1063 3693 1153 3777 λέγει,
1180 3696 1279 3783 Φιλή-

106 3792 174 3847 μων
190 3770 307 3854 κυρίαν.
328 3768 464 3832 Alterum
486 3776 582 3833 autem
602 3770 812 3857 fragmentum,
834 3770 910 3855 qnod
930 3772 987 3838 huc
1007 3778 1148 3865 pertinet,
1168 3780 1278 3851 ibidem

106 3851 217 3941 legitur
237 3875 267 3942 p.
287 3853 351 3919 430
371 3853 410 3919 Ε.
431 3854 507 3939 quud
527 3854 643 3938 quidem
664 3856 706 3918 ita
728 3861 774 3919 est
794 3856 1044 3927 constituendum:
1177 3912 1180 3917 .
1275 3865 1278 3872 '

510 3940 556 4001 A.
570 3936 701 4014 Ἅποτάς
721 3937 801 4015 ἴστ’,
823 3931 848 4004 ὦ
868 3936 984 4026 Γλάκη.

188 4024 229 4087 Β.
245 4018 364 4106 Ὕδαρῆ
382 4019 492 4103 ’νέχείν
513 4046 573 4087 σοι.
615 4028 660 4089 A.
681 4020 871 4089 Παντάπασι
889 4025 946 4105 μέν
968 4020 1023 4092 οὖν
1042 4026 1142 4121 ὕδωρ.

187 4109 229 4170 Β.
252 4106 295 4169 Τί
313 4102 460 4190 εἰργάσω·
488 4112 569 4186 πῶς,
591 4099 616 4173 ὦ
639 4105 842 4193 καταράτοτ’,
862 4108 996 4195 ένέχεαςς

187 4193 226 4255 Γ.
248 4187 313 4254 At’
336 4191 466 4271 ὕδατος,
493 4184 663 4275 ὦμάμμη.
705 4196 746 4258 Β.
775 4193 819 4257 Τί
837 4192 868 4257 δ’
892 4194 997 4279 οἴνους
1037 4200 1079 4263 Γ.
1104 4200 1276 4297 Tit-ram

186 4278 229 4341 Β.
242 4272 339 4365 ’Έρρ’
362 4277 394 4353 ίς
414 4273 563 4365 κόρακας·
583 4273 787 4366 βατράχοισιν
806 4280 951 4363 οἰνοχοεῖν
966 4304 1001 4348 σε
1021 4284 1078 4351 δεῖ.
