2760 4792
324 217 384 285 DE
404 215 548 290 uuus.
570 210 756 282 muodo.
777 211 883 279 A't'r.
904 209 1049 288 ANTIQ.
1228 212 1271 278 73

100 391 224 466 Quaest-
251 387 406 475 Aristoph.
432 385 475 450 T.
495 383 521 449 I.
541 405 571 471 p.
591 378 665 449 241.
713 381 755 446 Et
779 383 864 446 testis
891 390 938 447 est
959 381 1066 450 Cicero
1088 383 1123 449 ad
1145 383 1271 449 Paetum

100 475 157 542 IX.
178 474 234 539 ²1:
265 478 437 536 Socratem
448 469 579 547 fidibus
600 472 715 532 domic
734 470 961 531 nobilissima
974 474 1120 544 fidicen:
1143 478 1173 534 ἑο
1189 474 1271 534 Con-

101 582 169 625 nus
193 551 359 622 οοοόοοονο
385 569 446 619 ccc.
494 553 572 618 Nam
598 572 694 636 neque
722 552 833 616 erroris
860 552 949 617 facile
977 553 1151 618 Ciceronem
1174 557 1273 620 convi-

101 644 199 725 ceris,
231 642 281 728 qui
311 640 448 726 antiquae
475 645 555 702 certe
581 635 750 701 comoediae
772 635 951 702 Graecorum
978 659 1039 702 non
1059 641 1117 705 fuit
1137 640 1273 727 ignarus,

102 750 200 815 neque
220 730 446 792 nobilissimus
466 723 495 788 is
515 728 652 802 vocatur,
689 721 737 805 qui
767 729 887 811 propter
912 722 1058 788 inscitiam
1091 725 1163 790 artis
1191 735 1274 791 nota-

104 805 630 894 tusestetiamosus.{Atqneetiamdi
675 805 1275 910 'orfidetestisestAristophunesiiioipso

104 899 187 980 loco,
207 897 260 962 uhi
279 895 436 962 Cratinum
455 915 521 958 cunr
540 891 597 956 hoc
645 911 724 953 onno
745 891 904 978 componit:
939 898 972 955 ut
992 915 1070 959 eninr
1091 897 1133 961 ihi
1154 897 1275 961 summis

105 983 243 1050 laudibus
269 979 360 1046 effert
385 1001 437 1060 ea,
452 1046 453 1050 ,
471 998 547 1063 quae
568 973 709 1041 Cratinus
736 975 859 1040 iuvenili
885 983 917 1039 et
936 979 1106 1044 confirmata
1127 990 1223 1046 aetate
1243 983 1277 1046 in

107 1067 235 1135 medium
255 1065 425 1167 protulerit,
450 1061 596 1150 improbat
613 1066 732 1141 Autem,
763 1080 837 1144 qnae
858 1082 954 1125 senex
975 1065 1100 1146 scribat,
1126 1066 1168 1130 ita
1188 1066 1276 1131 etiam

108 1150 234 1218 &nnus
259 1151 375 1215 ruveuis
403 1147 518 1233 quidem
545 1145 673 1209 omnium
701 1164 847 1209 consensu
874 1147 1036 1234 principem
1058 1152 1152 1214 tenuit
1170 1151 1277 1234 locuni,

107 1242 177 1327 ον
194 1256 271 1386 u
289 1230 572 1386 tutotuto
593 1231 819 1379 totoue
838 1235 1280 1404 hthhotih¹rth

824 1363 834 1396 d

107 1327 297 1473 fficio
322 1402 491 1470 similitudo.
537 1398 589 1464 Lu
610 1400 672 1463 iere
699 1407 795 1464 autern
821 1400 1039 1490 Aristophanes
1065 1405 1096 1470 id
1124 1407 1227 1471 reiecit
1247 1405 1280 1469 in

107 1491 122 1557 i
156 1513 205 1556 uni
226 1488 396 1570 Cratinum,
417 1485 494 1572 quod
514 1484 567 1549 illc
587 1484 620 1549 in
640 1483 767 1549 Eunidis
789 1487 955 1551 coniecerat
975 1489 1008 1552 in
1029 1487 1180 1556 Connum:
1211 1512 1281 1555 nam

139 1576 252 1641 rotinus
278 1596 343 1640 cum
374 1574 408 1639 in
432 1571 486 1636 illa
511 1569 614 1633 fabula
640 1569 835 1656 corruptelam
862 1578 893 1634 et
918 1574 990 1638 artis
1019 1576 1147 1640 musicae
1175 1576 1212 1640 de
1232 1597 1281 1639 ra·

110 1661 263 1758 rationem·
279 1659 449 1758 attingeret,
469 1655 527 1717 hcc
547 1673 660 1750 quoque
679 1654 798 1750 videtur
818 1666 993 1755 conquestus
1014 1680 1100 1758 esse,
1113 1661 1189 1745 quod
1202 1598 1283 1727 Con·

108 1739 1284 1917 {tuithtthdutttttndistollit‘tut‘titt

108 1914 173 1981 mio
196 1912 319 1997 dignum
338 1907 481 1996 proferat.
522 1901 604 1967 Hinc
623 1922 685 1966 non
704 1900 833 1966 Maeote
855 1903 944 1969 dixit:
966 1916 1282 1990 υοοὲοοοοθοοοοοο,

109 2005 177 2082 qui
209 2015 310 2072 caepe
327 1997 410 2055 'olim
422 1995 578 2141 praemio
605 2001 659 2055 οοο
683 2001 833 2069 ornatus,
853 2013 942 2053 νοονοοο
963 2015 1135 2058 renarrem
1157 2005 1289 2062 excidit

109 2089 235 2230 ἰαυοῖ
250 2081 382 2158 populo.
439 2073 505 2139 dem
526 2072 615 2138 etiam
626 2069 845 2161 Aristophanes
867 2096 928 2140 non
949 2078 1074 2144 obscure
1094 2083 1287 2171 significavit,

113 2187 182 2232 cum
225 2162 289 2227 'citr

193 2245 312 2331 Ὥσπερ
334 2247 457 2322 Κοννᾶς
476 2239 629 2328 στέφανον
653 2241 710 2325 μὲν
730 2239 807 2326 ἔχων
827 2234 914 2324 uduo,

114 2355 186 2400 num
219 2333 303 2398 cuius
337 2329 426 2418 capiti
458 2334 641 2393 arescentem
677 2328 835 2395 inhaerere
860 2333 992 2399 lauream
1024 2334 1108 2417 dicit,
1152 2337 1178 2402 is
1206 2345 1287 2404 certe

114 2419 187 2486 olim
209 2417 319 2504 dignus
340 2422 387 2480 est
406 2412 524 2479 habitus
544 2413 601 2478 hoc
621 2413 744 2478 honere.
786 2414 854 2480 Hoc
881 2418 975 2505 igitur
999 2421 1086 2485 nohis
1114 2442 1287 2508 persuasum

115 2510 182 2585 est,
203 2500 340 2569 Cunnum
362 2497 502 2563 eximium
523 2496 679 2582 aliquando
699 2499 794 2564 fuisse
809 2503 961 2584 musicum,
980 2511 1057 2590 post,
1079 2511 1197 2592 torpore
1218 2529 1288 2593 quo-

115 2587 187 2654 dam
207 2591 337 2675 captum,
357 2583 509 2648 immutata
527 2581 701 2671 praesertim
723 2584 796 2648 artis
817 2587 949 2668 ratione,
982 2592 1174 2654 consenuisse
1195 2593 1289 2656 omni-

137 2688 176 2737 uo
195 2671 309 2736 honore
329 2668 463 2733 orbatum
484 2687 562 2733 esse.
603 2665 685 2731 Hinc
694 2665 912 2759 Aristophanes
933 2671 970 2737 de
991 2693 1081 2756 sene,
1103 2676 1186 2740 cuius
1207 2676 1290 2742 nulla
1323 2722 1325 2725 -

116 2693 246 2822 debetur
270 2753 347 2820 ratio
396 2751 475 2816 dixit
492 2747 525 2816 in
545 2748 655 2840 Vespis
677 2773 705 2818 u.
726 2753 805 2819 675:
1035 2754 1046 2775 ‘

204 2839 248 2904 Σὲ
266 2837 324 2923 μὲν
342 2801 488 2920 &mnae
508 2830 631 2901 Κόννον
651 2842 774 2925 ψῆφον.

118 2924 170 2991 uhi
189 2930 302 3010 ψ”φον
321 2920 523 2988 Philocleonis
544 2942 706 3024 personae,
733 2924 784 3010 qni
802 2922 895 2990 iudex
914 2933 1011 3008 esset,
1045 2929 1291 2995 accommodatum

118 3016 175 3076 est.
219 2951 303 3083 duae
323 3007 356 3073 in
376 3005 497 3071 scholiis
517 3006 561 3072 ihr
580 3005 723 3094 leguntur
741 3009 895 3074 admodum
917 3019 987 3075 sunt
1006 3015 1191 3100 perturbata,
1226 3036 1291 3080 cum

117 3094 260 3184 pleraque
280 3113 321 3156 ex
339 3091 467 3178 integris
479 3091 711 3157 doctissimorum
765 3095 981 3160 ammaticornm
992 3119 1134 3184 perverse
1155 3106 1186 3162 et
1205 3120 1293 3186 prae-

119 3186 238 3269 postere
259 3177 320 3242 sint
340 3175 445 3265 petita:
477 3175 552 3241 illud
571 3184 670 3242 tamen
690 3177 723 3241 in
744 3201 761 3242 e
782 3200 816 3242 co
840 3181 1004 3262 noscimus,
1035 3182 1094 3246 iarn
1117 3182 1293 3248 Grammati-

119 3285 171 3331 cos
197 3263 274 3328 haec
304 3260 443 3326 retulisse
464 3260 503 3326 ad
524 3259 661 3327 Cunnum
688 3199 839 3328 citharoed

119 3382 163 3402 ·-·
190 3347 220 3414 oi
247 3345 282 3410 dl
306 3342 428 3410 Κόννον
454 3344 575 3430 λέγουσι
601 3345 654 3412 τὸν
680 3344 888 3431 κιθαριστήν.)
932 3347 1135 3436 Euphronium
1156 3372 1228 3417 vero
1249 3361 1294 3418 te·

119 3438 230 3499 statum
250 3451 334 3513 esse,
360 3450 468 3494 suaves
489 3431 584 3495 fuisse
604 3430 668 3495 eius
689 3432 802 3513 modos,
829 3429 1017 3517 (Εὐφρόνιος
1039 3436 1086 3513 δέ,
1113 3433 1159 3499 ὅτι
1181 3437 1294 3520 ἐλέχθη

120 3516 174 3582 διὰ
196 3515 234 3580 τὸ
254 3511 331 3595 riddo
352 3539 421 3580 τινα
440 3512 495 3578 τόν
521 3511 642 3580 Κόννον
667 3511 772 3602 εἶναι.)
794 3517 920 3602 denique
946 3520 1065 3595 eosdem
1087 3523 1295 3608 grammaticos

121 3601 323 3690 composuisse
361 3598 498 3665 Cunnum
528 3621 594 3666 cum
626 3597 750 3684 Conna,
779 3600 940 3691 (perverse
973 3605 1088 3688 quidem
1121 3606 1295 3672 scholiasta:

122 3684 258 3769 Μήποτε
279 3686 314 3749 δὲ
335 3683 407 3749 οὐδὲ
428 3681 506 3760 ὅλως
527 3681 591 3750 ἴσον
610 3681 746 3763 Κόννος,
775 3687 855 3751 ἀλλὰ
876 3685 1016 3769 Κόννος,
1048 3687 1082 3753 όν
1095 3692 1297 3771 προενεκτόον

123 3766 167 3847 ὣς
186 3770 321 3919 Midagp
362 3768 426 3834 lam
452 3767 593 3835 Socrates
618 3791 672 3835 cur
697 3769 798 3837 Conni
823 3773 1006 3860 potissimum
1038 3775 1223 3863 disciplinam
1244 3797 1297 3841 ex-

160 3854 278 3937 tiverit,
319 3853 540 3954 iceturoinirac⁰
554 3875 623 3919 nam
644 3853 853 3921 Stallbaumius
876 3877 950 3943 quae
972 3857 1010 3922 ad
1029 3858 1246 3951 Euthydemum
1268 3882 1297 3950 p.

107 4009 112 4014 ’
168 3987 177 4006 .
196 3937 827 4106 ⁸Aqddeddsisalrludd’edildrid(lllld'rdliehulam,
845 4045 920 4111 qnae
932 4027 1061 4091 maxime
1073 4027 1170 4092 adres
1182 4028 1299 4093 divinas

125 4109 281 4198 spectavit,
299 4108 464 4172 Thressas
476 4108 551 4174 dico.
588 4106 804 4190 Athenienses,
824 4110 960 4194 quamdiu
972 4112 1114 4176 maiorum
1124 4113 1259 4177 instituta
1270 4120 1300 4177 et

127 4193 249 4278 antiqua
257 4193 435 4281 reipublicae
445 4191 700 4280 formavigehant,
711 4192 845 4259 homines
856 4201 943 4260 erant
952 4195 1185 4283 religiosissimi:
1198 4217 1300 4259 serva-

126 4278 302 4366 hantigitur
312 4277 488 4366 religiones,
499 4297 575 4364 quae
584 4282 699 4345 eranta
710 4277 870 4346 maioribus
881 4278 1019 4363 meditus,
1032 4287 1118 4366 atque
1129 4281 1204 4345 ritus
1214 4280 1301 4345 sami·

841 3285 905 3346 um,
949 3266 1147 3350 (κιθαρῳδός
1168 3259 1206 3348 ἦν
1226 3267 1294 3343 νέος
