2760 4792
318 205 378 272 DE
399 203 542 283 REHQ.
564 202 1044 282 condonaturum.
1198 207 1263 275 21⁹

517 572 710 642 CAPUT
753 574 839 646 VIII.

104 845 108 850 -
180 793 249 862 Una
270 817 310 860 ex
331 795 523 859 nobilissimis
545 800 575 860 et
600 795 863 884 praestantissimis
885 793 1001 860 Cratini
1022 796 1180 862 comoediis
1201 797 1271 863 fue·

96 891 166 947 runt
189 883 364 955 Charonea,
394 881 476 944 cuius
497 880 617 945 sahulae
639 892 842 968 argumentum
865 880 1014 944 commode
1036 903 1075 945 ex
1095 882 1161 970 ipso
1183 880 1266 946 titulo

95 975 124 1032 et
146 967 281 1051 reliquiis
303 966 448 1053 indagare
469 965 547 1030 lieet.
590 963 705 1030 Chiron
728 967 805 1030 enim
828 965 917 1030 heros
939 965 1066 1029 omnium
1088 967 1267 1032 iustissimus

93 1065 124 1118 et
152 1051 388 1140 sapientissimus
416 1048 564 1114 Achillem
596 1071 717 1137 puerum
749 1052 926 1114 educaverat
957 1050 1194 1136 institueramus,
1236 1059 1268 1116 ut

92 1145 178 1202 esset
200 1136 392 1200 clarissimum
404 1135 522 1199 virtutis
544 1136 713 1222 exemplar:
734 1135 804 1198 hinc
825 1136 920 1199 omnis
932 1136 1089 1219 antiquitas
1104 1135 1266 1201 Chironem

96 1230 239 1307 tanquam
278 1221 536 1309 locupletissimum
573 1221 737 1308 sapientiae
769 1229 917 1289 auctorem
954 1220 1068 1284 solebat
1088 1221 1268 1309 perhibere:

91 1306 169 1373 hinc
195 1306 335 1394 plurimas
364 1315 442 1371 artes
471 1313 556 1390 atque
578 1305 712 1369 instituta
733 1305 769 1370 od
791 1307 870 1369 vitae
898 1327 981 1369 usum
1004 1306 1153 1371 commoda
1174 1307 1210 1370 ah
1234 1326 1269 1370 eo

86 1392 232 1501 prolecta
267 1412 335 1458 esse
368 1391 524 1455 serebant:
567 1390 607 1456 cl.
635 1389 775 1456 Clemens
804 1390 968 1456 Alexandr.
995 1388 1134 1456 Stromat.
1166 1392 1190 1455 l.
1213 1392 1268 1455 15:

99 1481 130 1543 Ο
153 1472 309 1558 Βηρότιος
322 1473 502 1555 Ἕρμιππος
523 1476 667 1558 Χείρωνα
688 1473 745 1538 τόν
771 1477 945 1559 Κένταυρον
971 1475 1070 1559 σοφόν
1090 1481 1187 1567 καλεῖ,
1214 1474 1266 1562 ἐφ’

93 1552 136 1631 οὗ
160 1567 209 1627 καί
232 1559 248 1623 h
270 1560 325 1642 τὴν
349 1562 580 1640 Τιτανομαχίαν
600 1556 727 1642 γράψας
748 1565 843 1643 φησὶν
864 1557 906 1634 ὡς
928 1566 1048 1641 πρῶτος
1069 1551 1173 1639 οὗτος·

186 1648 241 1719 Είς
263 1647 295 1710 δι’
317 1642 514 1725 δικαιοσύνην
534 1649 659 1724 θνητῶν
678 1647 764 1726 γένος
784 1643 893 1727 ἤγαγε,
916 1647 1017 1720 δείξας

179 1725 293 1810 Ὅρκον
313 1733 363 1792 καὶ
386 1731 499 1800 θυσίας
521 1726 630 1809 ἱλαρὰς
651 1730 701 1789 καί
723 1723 859 1807 σχήματ’
880 1724 1051 1808 Ὀλόμπου.

92 1812 196 1880 Ἱππὼ
218 1815 251 1878 δὲ
272 1810 446 1894 ἥθυγότηρ
469 1812 565 1876 αὐτοῦ
577 1808 787 1894 συνοικήσασα
809 1817 853 1898 τῷ
865 1810 974 1900 Αἰόλῳ
996 1809 1157 1890 ἐδιδάξατο
1179 1813 1274 1880 cedris

98 1900 158 1986 τὴν
180 1897 313 1980 φυσικὴν
334 1901 482 1976 θεωρίαν·
550 1899 552 1905 '

181 1985 227 2051 Ἣ
248 1987 355 2062 πρῶτα
374 1983 431 2061 μὲν
451 1980 491 2045 τό
512 1983 584 2044 θεῖα
606 1975 881 2062 προύμαντεόσατο

190 2069 368 2149 Χρησμοίσι
389 2066 534 2150 σαφίσιν,
556 2063 695 2148 όστίρων
717 2065 760 2130 ἐπ’
785 2065 939 2143 ἀντολαῖς.

103 2155 186 2221 Hinc
208 2155 295 2217 etiam
317 2152 348 2216 iu
369 2153 499 2216 carmine
520 2150 571 2214 illo
587 2150 665 2216 haud
677 2152 908 2217 contemnendae
922 2153 1094 2234 vetustatis,
1107 2154 1154 2217 cui
1166 2174 1274 2218 nomen

105 2248 171 2304 erat
191 2240 347 2319 Χείρωνος
366 2233 537 2318 ὑποθῆκαι,
559 2236 647 2321 quod,
669 2258 732 2300 cum
756 2235 889 2301 Hesiodo
910 2239 1001 2324 vulgo
1023 2246 1104 2304 esset
1124 2240 1275 2320 tributum,

105 2324 152 2392 illi
176 2322 362 2391 ,abiudicavit
390 2321 607 2409 Aristophanes
639 2319 803 2407 Byzantius
835 2322 909 2402 (vid.
936 2322 1074 2396 Quinctil.
1103 2324 1277 2406 l.l‚15).

108 2408 222 2481 Chiron
243 2406 356 2473 Achilli
377 2406 530 2471 decedenti
551 2406 642 2470 multa
669 2408 820 2494 sapienter
841 2419 871 2470 et
891 2408 964 2472 scite
984 2409 1168 2497 praecipiens
1190 2409 1276 2473 indu-

109 2495 244 2573 cetam,
270 2493 352 2559 cuius
380 2491 519 2555 carminis
545 2491 660 2554 initium
687 2491 818 2554 servavit
839 2489 1008 2557 Schohasta
1032 2493 1158 2558 Pindari
1184 2492 1212 2556 P
1236 2494 1277 2562 th.

109 2577 161 2685 lsi.
181 2578 238 2684 ,¹⁹²
277 2577 344 2652 Τὰς
365 2576 399 2639 δὲ
419 2577 576 2661 Χείρωνος
601 2571 766 2658 ὑποθήκας
780 2571 918 2664 Ἡσιόδῳ
945 2577 1158 2658 ἀνατιθέασιν,
1186 2604 1230 2643 ων
1257 2574 1278 2660 ἡ

110 2687 240 2808 αρχηΕδ
263 2749 317 2807 νῦν
336 2769 390 2824 μοι
411 2739 482 2808 τόδ’
508 2729 621 2808 ἕκαστα
641 2741 719 2824 μετὰ
739 2745 829 2829 φρεσί
857 2716 1077 2831 πευκαλίμῃσιν
1261 2819 1264 2825 .
1287 2815 1291 2834 Ι

198 2827 392 2913 dodonam·
414 2835 536 2912 πρῶτον
555 2829 626 2910 μίν,
655 2827 701 2893 ὅτ’
727 2832 768 2905 είς
789 2826 886 2910 δόμον
907 2834 1094 2918 εἰσαφίκηαι,
1287 2839 1307 2952 ’νγ

188 2913 309 2999 ’Έρδειν
330 2912 395 2995 ἱερὰ
417 2914 496 2976 καλὰ
517 2919 602 2988 θεοῖς
624 2912 830 3000 όειγενίτγγσιν.
1311 2901 1315 2945 l

114 3001 162 3072 Cl.
183 3000 351 3064 Pausanias
372 2997 425 3063 lX.
447 3000 506 3080 31,
528 3001 559 3064 5.
591 2998 631 3062 Et
652 3000 752 3063 nescio
775 3021 814 3063 an
839 3000 982 3064 nonnulla
1006 3008 1178 3090 praecepta,
1205 3023 1280 3088 quas

114 3086 239 3155 Hesiodi
261 3085 378 3148 nornine
401 3085 491 3170 volgo
513 3084 660 3164 teruntur,
681 3105 720 3149 ex
741 3083 797 3148 hoc
818 3087 948 3150 carmine
961 3086 1022 3150 sint
1035 3088 1135 3174 petita.
1157 3085 1279 3152 Clarum

115 3178 209 3236 autem
236 3170 331 3234 fuisse
358 3168 414 3231 hoc
444 3188 561 3232 carmen
593 3178 623 3233 et
655 3169 728 3234 satis
755 3191 811 3234 usu
842 3171 943 3236 tritum
973 3179 1095 3260 apparet
1120 3172 1209 3237 etiam
1240 3192 1281 3237 ex

115 3252 239 3321 Pindari
259 3254 316 3317 isto
337 3252 418 3317 loco:
1135 3253 1139 3261 '

199 3333 246 3401 Σό
268 3361 314 3401 τοι
336 3338 459 3418 σχίθων
482 3362 527 3400 νιν
548 3335 683 3414 ἓπιδίξια
701 3336 804 3422 χειρδς
825 3337 928 3423 dedda

192 3421 290 3504 ”Ayerc
311 3417 510 3529 ἓρημοσόναν
534 3474 535 3477 ,

202 3503 254 3571 Τό
277 3531 335 3570 ποτ
366 3509 398 3573 lv
420 3504 523 3588 οόρεσι
545 3507 637 3592 φαντὶ
658 3512 881 3592 μεγαλοσθενεῖ

203 3587 343 3673 Φιλόρας
362 3591 429 3655 cide
450 3590 677 3677 όρφανιζομίνιρ

199 3679 342 3758 Πηλίίδα
364 3687 535 3760 παραινεῖν·
562 3674 698 3758 μάλιστα
724 3676 780 3757 μὲν
802 3678 958 3759 Κρονίδαν

201 3759 372 3839 Βαρυόπαν
393 3766 544 3843 στεροπᾶν
564 3767 717 3847 κεραυνῶν
737 3759 885 3846 πρότανιν

204 3847 292 3910 Θεῶν
313 3847 479 3926 sedlerter·

205 3928 332 4006 Ταότας
353 3933 386 3994 δὲ
405 3927 523 4012 μήποτε
543 3935 635 4012 τιμᾶς

197 4013 346 4097 Ἀμείριιν
364 4017 475 4099 γονέων
489 4016 558 4096 βίον
579 4013 783 4095 πεπρωμένον.
977 4087 978 4090 ¹
1218 4067 1222 4072 .

119 4098 193 4169 Eius
215 4101 338 4188 generis
358 4101 488 4165 carmina
508 4101 695 4188 paraenetica
716 4098 775 4164 alia
795 4121 908 4185 quoque
938 4100 1026 4165 eredo
1048 4103 1217 4186 exstitisse,
1241 4104 1287 4182 utiv

120 4184 203 4268 illud,
226 4187 259 4253 iu
280 4206 336 4271 quo
357 4185 557 4273 Amphiaraus
579 4206 644 4249 eum
664 4182 860 4272 Amphilocho
882 4185 943 4251 filio
964 4186 1056 4252 multa
1075 4187 1235 4277 prudenter
1255 4194 1286 4252 et

122 4271 255 4359 graviter
275 4277 431 4362 praecepta
451 4269 690 4350 communicavit,
710 4290 750 4335 ex
771 4289 827 4354 quo
848 4269 980 4338 carmine
1000 4270 1074 4342 duos
1094 4293 1200 4340 versus
1221 4292 1286 4338 ser·
