2768 4770
307 232 368 302 nn
391 232 578 302 conone.
603 212 764 312 ,numo
783 234 890 305 nur.
910 235 1057 313 numu
1209 239 1276 307 aas

100 402 282 492 Cleophonti
303 399 380 467 enim
402 402 508 488 aliquis
530 402 645 468 crimini
666 404 771 486 vertit,
798 404 874 490 quod
895 404 1008 470 alienas
1030 426 1100 494 opes
1121 406 1151 472 h.
1173 429 1200 472 e.
1220 428 1274 495 pu-

99 490 196 555 blicas
224 487 302 553 mala
327 487 432 552 frande
460 488 651 589 surripuerit:
680 488 838 574 eodemque
866 490 985 555 nomine
1010 491 1274 578 reprehenditura

99 573 231 639 Platone
253 572 341 637 etiam
361 572 393 634 in
415 572 473 636 alio
493 570 582 637 hu1us
604 573 721 637 fabulae
741 574 929 660 fragmento,
962 576 1039 659 quod
1059 575 1192 641 servavit
1210 576 1274 641 Eu-

101 658 229 724 stathius
257 678 286 745 p.
309 654 409 738 1441,
430 658 488 722 26:
529 657 595 721 Kal
626 653 684 721 ὅσα
709 663 838 722 τοιαῦτα
864 659 898 734 ἐξ
917 654 1125 744 δπερδετικῶν
1150 665 1211 726 τῶν
1231 665 1274 738 είς

100 746 385 906 munao
405 753 429 904 t
448 752 722 916 obrodat
738 753 875 907 {tto
895 761 927 824 1
947 762 1145 847 mmm.

210 869 226 905 ν
847 869 877 909 υ.
1145 909 1147 913 ,

104 928 155 996 Cf.
184 927 221 992 de
245 927 301 991 hoc
326 864 941 1014 versyuplltymoldg.thnyp.31,12:
978 924 1095 1015 Ὥσπερ
1126 929 1160 993 δὲ
1187 920 1271 994 οὗτοι

104 1026 158 1093 διδ
179 1033 235 1091 τοῦ
257 1014 290 1092 fo
305 1028 550 1114 σχηματίζουσιν,
564 1024 644 1091 odron
657 1029 706 1090 xci
722 1025 885 1092 οἷἈττικολ
898 1027 950 1093 διὰ
960 1033 1016 1093 τοῦ
1038 1017 1071 1093 cd
1089 1030 1272 1095 ποτίστατον

102 1113 239 1198 λέγουσι,
252 1116 254 1121 ’
268 1112 319 1175 καλ
342 1113 539 1195 λαγνίστατον
560 1115 618 1175 καὶ,
630 1112 851 1193 ψευδίστατοδρ
878 1115 930 1176 καλ
949 1114 1127 1199 λαλίστερον
1158 1112 1271 1198 εδρηκά

103 1221 138 1263 σε
159 1199 211 1260 καλ
232 1196 443 1278 πτωχίστερον,
465 1192 688 1283 Ἀριστοφάνης
708 1199 953 1273 Πλατανισταΐς·
969 1194 1025 1261 ‘'Iv’
1049 1197 1272 1283 ἀπαλλαγῶμεν

103 1280 217 1366 ἀνδρὸς
230 1278 465 1364 άρπαγιστάτου.
488 1288 519 1345 at
532 1282 574 1346 ihi
591 1281 706 1367 quidem
715 1281 874 1368 legendum
895 1289 954 1347 est:
981 1285 1047 1346 Kal
1069 1286 1271 1367 πταιχίστερον

97 1363 323 1453 Ἀριστοφάνης
345 1365 505 1447 (intellexit
524 1366 731 1452 grammaticus
751 1387 870 1430 versum
891 1366 1129 1434 Acharnensium
1149 1368 1228 1436 425:

193 1449 273 1515 Οδκο
300 1448 383 1513 ἀλλὰ,
398 1446 508 1514 τοδτου
526 1449 608 1513 ’πολὺ
629 1449 709 1514 πολδ
736 1450 967 1537 πτωχιστέρου.)

102 1531 254 1611 Πλάτων·
275 1531 319 1597 ‘lo
340 1533 393 1597 άσ.
434 1530 493 1598 Est
518 1542 613 1599 autem
645 1535 694 1599 hic
720 1556 833 1620 quoque
865 1557 971 1600 versus
997 1536 1030 1600 in
1060 1536 1155 1626 ipsum
1182 1536 1271 1603 Cleo·

101 1620 242 1710 phontem
263 1619 370 1684 dictust
396 1618 551 1706 plurimum
579 1619 663 1684 enim
683 1619 825 1706 pecuniae
853 1619 936 1685 illum
963 1620 996 1685 in
1017 1642 1087 1686 suos
1108 1643 1179 1686 usus
1201 1643 1271 1686 con-

102 1705 231 1770 vertisse
261 1705 440 1791 arguebant,
483 1703 514 1767 id
541 1701 617 1787 quod
643 1702 759 1788 Lysias
785 1722 897 1787 quoque
934 1703 967 1768 in
997 1711 1072 1770 orat.
1102 1727 1157 1794 pro
1185 1707 1270 1771 bonis

92 1788 258 1878 'Aristoph
285 1788 395 1853 indicat
414 1787 472 1853 48:
498 1789 689 1896 Κλεοφῶντα
717 1787 750 1851 δὲ
774 1783 884 1862 πάντες
910 1787 988 1863 ἴστε,
1021 1786 1067 1852 δτι
1096 1790 1196 1853 πολλὰ
1216 1789 1269 1873 ἔτη

102 1874 259 1960 διεχείρισε
279 1872 318 1937 ad
339 1878 394 1952 τῆς
415 1868 531 1947 πόλεως
550 1896 650 1934 παντα
671 1872 722 1934 καλ
743 1873 950 1956 προσεδοκᾶτο
973 1867 1140 1953 πάμπολλα
1161 1875 1196 1937 ἐκ
1215 1879 1271 1958 τῆς

103 1956 204 2066 ἀρχῆς
222 1955 312 2040 ἔχειν·
348 1954 562 2030 ἀποθανόντος
586 1958 606 2020 δ
612 1954 622 1980 '
646 1954 743 2020 adreci
775 1955 914 2037 οὐδαμοῦ
941 1958 1020 2039 δῆλα
1046 1957 1084 2019 τά
1114 1954 1271 2043 χρήματα,

102 2040 187 2107 ἄλλα
218 2044 266 2106 καλ
298 2042 327 2106 οἶ
353 2040 562 2125 προσήκοντες.
586 2042 638 2104 καὶ
665 2041 694 2104 οἳ
721 2041 879 2123 κηδεσταί,
921 2039 998 2123 παρ’
1028 2037 1074 2117 οἷς
1103 2042 1269 2120 κατέλιπεν,

102 2121 353 2210 ὁμολογουμένως
374 2125 496 2227 πένητές
517 2128 599 2190 εἰσιν.
641 2125 706 2190 Νεο
726 2126 848 2208 σείουσι,
869 2147 933 2190 cum
955 2125 1109 2214 Cleophon
1129 2148 1191 2192 non
1210 2134 1270 2194 tam

98 2217 135 2276 ut
156 2211 221 2300 ipse
242 2233 275 2275 se
301 2232 427 2296 suosque
449 2211 570 2292 ditaret,
596 2210 720 2298 publicis
742 2210 845 2299 opibus
866 2232 938 2275 usus
959 2211 1014 2293 sit,
1042 2211 1096 2276 sed
1116 2218 1149 2276 ut
1168 2220 1271 2314 poten-

97 2294 175 2361 tium
189 2297 382 2384 gratiamque,
403 2316 460 2381 qna
480 2295 633 2360 fruebatur
653 2294 729 2383 apud
749 2316 786 2383 po
808 2295 896 2377 ulum,
919 2295 1059 2377 firmaret,
1081 2301 1112 2360 et
1132 2296 1271 2383 qurdquid

98 2379 194 2451 vellet
215 2389 434 2466 exsequeretur.
469 2379 618 2444 Pecuniae
640 2387 735 2443 autem
755 2317 888 2467 puhlicae
910 2380 1064 2466 augendae
1085 2381 1213 2446 maxime
1234 2401 1270 2446 eo

99 2465 266 2545 consuluit,
288 2464 363 2550 quod
384 2464 501 2530 exulum
517 2465 601 2528 bona
620 2464 795 2550 publicanda
816 2463 944 2544 curavit,
971 2464 1002 2527 id
1019 2464 1098 2548 quod
1119 2465 1270 2530 Aristides

98 2548 215 2614 indicat
243 2549 326 2615 Orat.
345 2548 458 2618 XLVI.
481 2547 522 2612 Τ.
542 2548 583 2612 Π.
603 2568 633 2635 p.
653 2549 717 2613 235
743 2548 789 2611 ed.
817 2547 937 2614 Dindfc
976 2545 1060 2610 Ἀλλ’
1085 2542 1136 2612 οἷα
1163 2549 1201 2656 δη
1230 2549 1271 2613 εδ

98 2639 159 2716 τῆς
200 2634 407 2719 δημοκρατίας
445 2628 615 2715 ἐπιχῶρια,
656 2632 789 2718 φαίνειν,
832 2626 1033 2708 ἐνδεικνάναι,
1076 2633 1095 2694 δ
1101 2657 1268 2714 ημευειν,

98 2715 207 2803 ῶσπερ
228 2719 358 2797 Κλίοινα
379 2721 428 2781 καὶ
440 2721 631 2803 Κλεοφῶντα
652 2719 703 2780 καὶ
719 2713 908 2801 Ὑπέρβολον
929 2718 980 2778 καλ
1001 2712 1122 2798 ἑτάρους
1143 2714 1269 2801 ἀνδρῶ-

96 2827 181 2878 πσυς
203 2807 267 2866 κτλ.
302 2803 348 2867 Ita
370 2802 523 2890 Cleophon
544 2800 707 2867 Andocidis
729 2801 861 2884 domum,
882 2800 1001 2865 homine
1021 2800 1073 2866 illo
1094 2801 1269 2869 inexilium

98 2888 209 2967 eiecto,
230 2889 418 2976 occupavisse
431 2887 575 2974 arguitur,
595 2886 655 2951 vid.
667 2885 836 2951 Andocides
847 2888 883 2951 de
894 2885 1044 2971 mysteriis
1058 2884 1134 2951 146:
1160 2887 1269 2950 Καίτοι

99 2970 160 3036 οδκ
189 2969 303 3047 άνειδος
329 2967 402 3053 ὖμῒν
431 2973 515 3035 ἐστὶν
541 2968 560 3054 ἡ
584 2968 758 3035 Ἀνδοκίδου
787 2973 838 3034 καὶ
866 2967 1033 3055 Λεωγόρου
1062 2962 1155 3049 οὖσα,
1189 2969 1269 3035 titt

97 3053 183 3120 πολδ
203 3060 321 3136 μᾶλλον
341 3051 406 3120 τότ’
430 3048 467 3138 ἦν
489 3053 617 3132 ὄνειδος,
646 3052 692 3119 ὅτ’
717 3057 792 3137 ἐμοῦ
815 3051 978 3140 φεάγοντος
999 3057 1151 3140 Κλεοφῶν
1172 3054 1268 3137 αὐτὴν

97 3136 117 3206 ὃ
140 3139 305 3223 λυροποιὸς
325 3138 405 3227 ᾤκει.
448 3140 611 3204 Maximam
638 3146 734 3205 autem
764 3149 876 3228 partem
922 3139 1044 3203 ecuniae
1069 3139 1203 3238 publicae
1224 3140 1268 3205 di·

96 3224 229 3312 largitus
251 3232 307 3307 est,
328 3234 360 3289 ut
379 3225 530 3313 imperitae
551 3225 645 3312 plebis
666 3246 881 3312 pauperumque
900 3162 1033 3289 lavorem
1054 3225 1110 3288 s1bi
1131 3224 1268 3289 concilia-

97 3315 164 3391 ret,
207 3312 304 3394 itaque
329 3309 497 3374 Aeschines
535 3308 571 3373 de
596 3310 675 3374 falsa
700 3310 790 3396 legat
818 3312 860 3374 76
896 3309 932 3373 de
960 3330 994 3372 eo
1021 3308 1063 3371 ita
1089 3307 1173 3372 dicit:
1216 3312 1267 3372 καὶ

97 3393 299 3478 διεφθαρκὼς
325 3399 403 3479 νομῇ
432 3392 599 3479 χρημάτων
628 3393 682 3458 τὸν
713 3396 822 3474 δῆμον.
864 3391 905 3456 Et
935 3393 971 3456 oh
1004 3392 1080 3456 hanc
1112 3393 1267 3481 praecipue

97 3499 220 3543 causam
242 3484 393 3566 tantopere
415 3479 550 3543 studebat
573 3479 681 3542 bellum
703 3479 874 3560 continuare
895 3477 1081 3564 gliscensque
1102 3477 1266 3542 inimicitia-

96 3584 165 3627 rum
187 3562 354 3628 incendium
375 3565 533 3641 suscitnre3
554 3583 626 3650 pace
642 3563 720 3628 enim
740 3563 875 3628 restituta
896 3584 940 3643 se,
962 3569 1101 3641 utantea,
1122 3563 1267 3626 exanimi

96 3646 224 3712 libidine
253 3648 399 3712 civitatem
426 3648 632 3712 administrare
663 3669 751 3737 posse
780 3648 962 3735 desperabat.
1003 3645 1045 3708 Et
1069 3647 1124 3710 boc
1149 3648 1267 3711 nomine

97 3752 167 3797 eum
189 3733 286 3797 notari
306 3739 375 3820 puto
398 3732 434 3796 ab
456 3731 656 3821 Aristophane
677 3733 709 3796 in
730 3733 826 3797 Ranis
848 3753 877 3795 ν.
898 3730 976 3796 359:

176 3836 351 3904 Ἢστάσιν
372 3840 488 3925 ἐχθράν
507 3839 552 3922 μὴ
579 3837 721 3904 καταλάει
742 3839 819 3923 μηδ’
845 3836 966 3914 εδκολάς
986 3840 1049 3903 ἐστι
1070 3839 1216 3914 πολίταις,

93 3986 104 4003 ,
178 3923 259 3991 Ἀλλ’
283 3923 424 4011 ἀνεγείρει
445 3928 495 3988 καλ
518 3923 633 4010 ῥιπίζει,
654 3926 768 4009 κερδῶν
790 3926 874 3988 ἰδίων
895 3927 1065 4004 ἐπιθυμῶν.

99 4033 206 4119 quibus
226 4034 369 4098 uersibus
391 4033 603 4122 Cleopbontom
630 4034 778 4120 exagitari
805 4034 893 4098 facile
920 4032 1040 4118 quilibet
1066 4053 1083 4095 e
1110 4032 1267 4119 spectanti·

98 4118 154 4182 bus
183 4119 351 4198 intellexit,
395 4118 450 4182 luit
482 4120 558 4182 enim
585 4117 712 4182 illevit
737 4138 772 4182 oo
794 4125 940 4206 tempore,
973 4118 1029 4202 quo
1050 4115 1267 4204 Aristophanes

97 4200 204 4266 Ranas
232 4203 344 4284 docuit,
377 4202 410 4266 in
437 4203 553 4267 civitate
602 4202 801 4267 otentissimus
829 4211 859 4266 et
885 4224 961 4266 unus
987 4201 1114 4266 omnium
1140 4201 1268 4264 maxime

98 4287 230 4368 obstitit,
257 4289 410 4374 quominus
431 4308 506 4375 pax,
535 4223 689 4352 mullorum
716 4285 857 4374 flagranti
879 4286 1025 4359 desiderio
1047 4285 1194 4375 expetita,
1220 4305 1267 4347 re·

1013 4387 1067 4453 25
