2760 4792
349 195 409 268 DE
429 195 573 276 RELIQ·
594 195 782 281 cononi).
802 201 908 273 A'P'P.
928 203 1074 282 ANTIO.
1231 208 1295 276 ssi

129 365 224 430 solum
236 364 408 454 Epicrates,
428 386 513 452 quem
524 364 693 432 Pausanias
709 386 769 431 una
788 387 852 432 cum
864 366 996 455 Cephalo
1013 369 1173 458 principem
1181 371 1296 437 ohtinn-
1333 427 1335 431 .

128 450 190 523 isse
213 451 307 514 locum
334 450 503 537 significet,
529 450 582 516 sed
604 452 691 516 etiam
711 451 897 516 Phormisius
917 452 1072 541 plurimum
1094 457 1191 542 gratia
1211 464 1241 520 ot
1261 478 1297 522 uo

127 535 300 600 anctoritate
321 557 339 600 a
359 536 396 601 ud
417 535 554 623 populum
574 535 707 616 valchat3
729 537 887 601 eratenim
907 558 984 602 unus
1006 559 1045 602 ex
1065 538 1114 621 iis,
1138 541 1187 625 qui
1207 477 1296 609 Pelo·

124 621 270 772 ppnnesio
296 557 374 685 hello
403 627 534 687 extremo
561 619 697 686 Athenas
728 620 761 684 in
787 620 952 686 libertatem
985 622 1226 706 vindicaverunt,
1257 625 1295 691 ci.

157 706 293 790 ionysius
315 705 469 772 Halicarn.
491 703 527 769 de
548 703 648 790 Lysia
674 727 700 770 c.
720 705 776 769 32:
806 710 872 768 Τοῦ
893 704 950 790 γὰρ
973 705 1073 789 δήμου
1095 706 1296 786 κατελθόντος

122 791 159 856 dac
186 791 343 872 Πειραιῶς
371 791 422 853 καὶ
449 787 671 873 ψηφισαμένου
700 783 909 855 διαλύσασθαι
939 790 1016 876 πρός
1043 790 1115 868 τοὺς
1142 795 1174 857 ἓν
1201 791 1293 872 dotet,

124 877 176 945 καὶ
197 873 328 955 μηδενὸς
349 879 410 949 τῶν
429 874 630 957 γεγενημένων
648 883 852 956 μνησικακεῖν,
874 875 962 950 δέους
984 875 1018 940 δέ
1038 874 1126 954 deso<
1144 878 1189 960 μὴ
1205 874 1295 953 πάλιν

123 960 160 1025 τό
182 962 303 1039 πλῆθος
325 961 367 1035 εἷς
392 957 465 1037 τοὺς
492 953 640 1044 εὐπόρους
660 955 784 1044 όβρίζη,
814 957 870 1042 τὴν
891 957 1023 1045 ἀρχαίαν
1049 962 1188 1036 ίξουσίαν
1208 989 1294 1029 κεκο-

121 1044 283 1126 μισμένον,
313 1046 363 1111 καί
385 1047 507 1109 πολλῶν
526 1039 603 1128 ὑπὲρ
623 1039 735 1109 τούτου
762 1044 962 1127 γεγενημένων
982 1040 1094 1129 λόγων,
1124 1045 1293 1131 Φορμίσιός

121 1153 169 1205 τις
190 1134 251 1195 τῶν
271 1129 540 1212 συγκατελθόντων
559 1127 638 1210 μετὰ
658 1134 713 1193 τοῦ
735 1127 845 1209 δήμου,
865 1125 988 1213 γνώμην
1009 1128 1199 1214 εἰσηγήσατο,
1220 1132 1294 1210 τοὺς

119 1215 179 1296 μέν
199 1209 367 1298 φεύγοντας
386 1213 537 1292 κατιέναι,
557 1212 613 1295 την
635 1214 668 1277 δέ
688 1213 841 1278 πολιτείαν
860 1212 905 1296 μὴ
926 1219 1031 1292 πᾶσιν,
1053 1215 1133 1285 ἀλλὰ
1153 1227 1217 1291 τοῖς
1238 1217 1292 1301 τὴν

120 1304 177 1384 γῆν
198 1298 300 1380 ἔχουσι
323 1300 530 1380 παραδοῦναι,
560 1299 757 1380 βουλομένου
776 1303 875 1363 ταῦτα
895 1299 1037 1382 γενέσθαι
1058 1303 1109 1364 καλ
1129 1303 1291 1367 Λακεδαι-

120 1383 242 1465 μονίων.
285 1383 347 1449 Sed
367 1384 482 1470 Lysias
503 1392 572 1449 tunc
593 1384 704 1449 homini
734 1383 821 1449 alicui
846 1384 959 1472 potenti
980 1384 1141 1458 orationem
1163 1387 1291 1474 scripsit,

121 1490 179 1554 qua
198 1471 275 1535 hanc
295 1468 458 1535 Phormisii
479 1469 655 1533 sententiam
676 1469 829 1550 reiiceret,
861 1469 921 1534 vid.
941 1468 1072 1556 Dionys.
1093 1470 1164 1541 ibid.
1185 1493 1211 1536 c.
1232 1473 1288 1537 33:

119 1555 205 1619 sicuti
226 1555 313 1622 etiam
333 1562 436 1653 postea
452 1552 532 1616 illam
554 1559 656 1616 contre
666 1551 835 1639 Epicratem
855 1552 992 1638 illiusque
1013 1554 1171 1642 legationis
1191 1556 1289 1624 socios

120 1641 280 1707 orationem
297 1639 348 1703 alin
362 1635 475 1700 cuidam
486 1635 720 1723 suppeditavisse
729 1635 855 1702 videtur.
881 1637 949 1724 lpse
959 1637 1075 1723 Lysias
1092 1640 1244 1724 quidemE
1265 1641 1290 1706 i„

119 1732 199 1790 crate
216 1721 403 1787 familiariter
424 1740 494 1786 usus
511 1726 572 1798 est,
595 1718 672 1802 quod
685 1716 801 1803 quidem
816 1728 938 1807 apparet
950 1743 990 1787 ex
1000 1722 1135 1789 Platonis
1148 1663 1288 1792 Phaedio

118 1831 147 1897 p.
170 1810 233 1871 227
254 1804 296 1868 B:
334 1802 440 1888 Ἀτάρ
461 1803 588 1880 Λυσίας
613 1795 668 1884 ἦν,
695 1798 738 1877 ῶς
762 1799 873 1881 ίοικεν,
902 1803 935 1868 έν
960 1801 1054 1878 ι’ίστει.
1099 1811 1190 1874 ΦΑΙ.
1212 1811 1288 1888 Ναί,

117 1890 194 1975 παρ’
220 1883 411 1973 Ἐπικράτει,
446 1887 478 1951 έν
502 1888 574 1971 τῇδε
604 1891 642 1972 τῇ
678 1887 807 1969 πλησίον
838 1892 895 1951 τοῦ
917 1887 1112 1969 Ὀλυμπιείου
1143 1892 1223 1958 οἰκία
1249 1898 1288 1980 τῇ

117 1975 278 2063 Μοροχῖρ.
308 1973 359 2038 ubi
383 1992 444 2037 non
471 1971 576 2039 σίτοιο
603 1980 649 2041 est
669 1971 746 2058 quod
765 1970 920 2059 Epicrates
946 1973 979 2038 in
1000 1971 1139 2060 Mosychi
1165 1955 1286 2045 aedibus

117 2061 218 2125 sedem
240 2059 354 2146 cepisse
375 2057 497 2138 dicitur,
522 2079 590 2122 nom
611 2056 670 2122 viri
699 2056 855 2156 populares
876 2056 928 2122 illo
956 2063 1086 2147 tempore
1107 2060 1286 2148 optimatium

117 2146 294 2229 divitumque
316 2143 401 2211 honis
428 2142 512 2230 potiti
536 2148 635 2207 erant:
664 2148 743 2226 atqm
765 2140 932 2228 Epicratem
958 2163 1085 2230 magnas
1112 2144 1199 2209 aedes
1228 2146 1286 2211 sihi

115 2248 301 2317 comparasse
323 2235 444 2316 apparet
464 2248 503 2296 cx
523 2227 588 2314 ipso
609 2226 708 2313 Lysia
730 2247 758 2313 p.
775 2225 854 2292 365:
876 2228 942 2290 Kal
963 2223 1021 2311 γάρ
1043 2251 1092 2292 τοι
1112 2230 1153 2306 εἰς
1173 2235 1285 2297 τοσοῖ-

113 2339 167 2379 τον
192 2311 319 2396 ἥκομεν,
362 2308 443 2376 ὥσθ’
474 2311 503 2389 oi
531 2307 680 2393 πρότερον
706 2311 739 2375 έν
769 2315 807 2394 τῇ
835 2306 936 2396 εἰρήνη
964 2309 1036 2378 οῧόέ
1061 2317 1144 2398 σφᾶς
1172 2313 1285 2399 αὐτοὺς

114 2396 260 2464 ίόόναντυ
280 2397 417 2480 τρέφειν,
443 2401 497 2465 νῦν
518 2391 590 2477 ὖμῖν
610 2394 758 2481 εἰσφορὰν
779 2396 954 2481 εἰσφέρουσι
974 2398 1026 2462 καλ
1043 2404 1211 2484 χορηγοῦσι
1231 2402 1283 2474 καλ
1360 2424 1363 2431 ·

112 2486 210 2560 οἰκίας
229 2479 363 2564 μεγάλας
384 2482 511 2549 οἰκοῦσιν

196 2567 272 2633 Dixi
294 2565 460 2654 Epicratem
482 2570 653 2710 ceterosyuo
678 2560 837 2649 legationis
860 2562 956 2629 socios
977 2563 1104 2636 iudicum
1126 2570 1281 2634 sententiis

110 2653 250 2718 liberatos
273 2672 340 2716 esse
362 2649 399 2713 ad
412 2646 594 2713 verisimilitu
617 2646 674 2710 inis
696 2668 711 2711 s
733 2647 823 2712 eciem
844 2647 978 2735 proxime
1000 2649 1156 2731 accedere:
1179 2659 1210 2717 at
1231 2654 1282 2719 sd.

110 2738 227 2809 versari
249 2736 364 2800 videtur
385 2732 618 2814 Demosthenes,
647 2730 696 2816 qui
712 2668 885 2819 PEpicratem
912 2739 1005 2800 morte
1026 2732 1192 2801 damnmum
1213 2758 1282 2803 esse

110 2821 238 2910 prodidit
258 2819 415 2884 memoriae
444 2818 480 2881 de
507 2815 585 2881 falsa
612 2813 703 2902 leget.
725 2818 802 2881 277:
836 2815 931 2880 Κατὰ
957 2819 1042 2883 τουτὶ
1069 2817 1104 2881 τό
1130 2816 1281 2905 ψήφισμα

110 2899 135 2972 oi
157 2904 264 2989 ι’ίνόρες
272 2903 456 2985 Ἀθηναῖοι,
476 2905 539 2984 τῶν
553 2899 708 2985 πρέσβεων
727 2901 847 2967 ἐκείνων
867 2897 953 2981 ὑμεῖς
973 2897 1112 2971 θάνατον
1131 2905 1280 2988 κατέγνω·

108 3016 155 3069 τε,
187 2980 229 3054 ῶν
251 2985 292 3064 εἷς
313 2981 349 3070 ἦν
367 2983 570 3094 Ἐπικράτης,
596 2980 688 3070 άνήρ,
715 2981 758 3060 ῶς
783 2984 841 3068 syo
861 2990 923 3058 τῶν
943 2988 1156 3073 πρεσβυτέρων
1176 2986 1280 3056 duodus

108 3077 278 3150 σπουδαῖος
304 3074 354 3136 καί
381 3076 481 3136 πολλα
503 3066 654 3155 χρήσιμος
674 3074 712 3155 τῇ
739 3065 823 3137 πόλει
849 3072 901 3134 καὶ
927 3076 989 3135 τῶν
1008 3073 1166 3157 Πειραιῶς
1185 3099 1279 3139 κατα.

106 3158 261 3246 γαγόντων
281 3156 334 3221 τόν
356 3157 454 3239 δῆμον
474 3157 525 3218 aod
547 3152 647 3234 άλλως
667 3154 846 3236 δημοτικός·
874 3152 946 3225 ἀλλ’
971 3152 988 3220 ὅ
1013 3179 1054 3239 ως
1076 3157 1164 3221 onidis
1185 3157 1279 3225 αὐτόν

108 3245 246 3332 ιόφέλησε
266 3239 401 3321 τούτων,
422 3242 472 3305 καὶ
495 3239 629 3315 δικαίως.
654 3238 739 3306 Infra
760 3247 855 3304 cutem
876 3240 941 3313 280
961 3181 1090 3313 affirmat
1109 3240 1278 3330 Epicratem

107 3332 180 3396 urbe
202 3327 427 3394 exterminatum
449 3344 532 3388 esse:
556 3320 685 3387 Τοότων
705 3320 802 3399 οότως
819 3320 949 3404 ἐχόντων
969 3321 1055 3407 ὑμεῖς
1077 3326 1196 3395 ἐκείνων
1216 3334 1277 3395 τῶν

107 3415 229 3502 ἀνδρῶν
258 3410 354 3489 όντες,
382 3409 411 3473 oi
433 3409 466 3473 όέ
492 3409 547 3471 καί
568 3432 646 3484 τινες
671 3406 774 3474 αὐτῶν
800 3405 843 3475 έτι
869 3411 992 3488 ζῶντες,
1023 3405 1197 3490 ὑπομενεῖτε
1223 3411 1277 3478 τόν

106 3500 162 3583 μὲν
183 3497 339 3581 εὐεργέτην
358 3499 413 3560 τοῦ
435 3488 535 3576 δόμου
558 3495 608 3559 καλ
629 3491 683 3559 τόν
704 3495 737 3558 ἐκ
757 3494 923 3578 Πειραιῶς,
940 3488 1125 3576 Ἐπικράτην
1142 3497 1277 3565 ἐκπεσεῖν

105 3587 157 3648 καὶ
185 3588 387 3665 κολασθῆναι,
429 3577 471 3644 Et
500 3583 598 3644 tamor
628 3577 806 3644 Plutarchus
838 3577 870 3644 in
902 3578 964 3651 uita
989 3577 1152 3668 Pelopidas
1185 3604 1211 3648 c.
1232 3585 1276 3661 30

106 3669 188 3750 (vide
209 3673 311 3755 supra)
333 3665 406 3730 satis
428 3669 507 3734 certo
529 3663 637 3728 asserit
663 3661 826 3731 ahsolutum
847 3683 915 3727 esse
935 3661 1103 3749 Epicratem
1112 3687 1124 3735 τ·
1150 3651 1274 3735 ut'haec

105 3753 252 3819 dissensio
281 3751 369 3815 facile
395 3747 547 3818 conciliari
572 3753 685 3834 potest:
717 3769 785 3813 nam
812 3747 1043 3813 Demosthenem
1068 3770 1129 3813 non
1157 3751 1195 3819 de
1220 3753 1273 3817 illa

103 3838 252 3926 Epicratis
280 3837 316 3900 ad
339 3834 539 3903 Artaxerxem
565 3832 717 3932 legatione
744 3831 822 3916 loqui
850 3840 984 3983 apparet:
1012 3854 1081 3915 nam
1102 3837 1273 3919 quaedicit

103 3923 271 4012 Epicratem
293 3927 378 4004 atque
399 3918 495 3984 socios
516 3917 697 3982 commrsisse
718 3918 795 3982 279:
816 3917 869 3980 Κα
901 3912 1096 4001 ἠλέγχθησάν
1116 3942 1193 3996 τινες
1214 3919 1272 3985 αὖ.

103 4015 164 4072 τῶν
186 4009 217 4070 ἐν
238 4010 276 4089 τῇ
296 4007 394 4088 βουλῇ
417 4001 453 4066 οὗ
474 3998 598 4084 τάληθῆ
620 3998 856 4084 ἀπαγγέλλοντες
876 3999 952 4067 odd’
976 4001 1199 4080 ἐπιστέλλοντες
1220 4009 1271 4071 καὶ
1302 4000 1308 4011 ’

103 4086 437 4172 κατοιμευόόμενοι
465 4090 526 4150 τῶν
553 4081 722 4168 συμμάχων
742 4087 793 4157 καὶ
815 4086 902 4172 δῶρα
920 4083 1145 4169 λαμβάνοντες,
1174 4111 1210 4153 ea
1231 4112 1270 4155 ex

101 4185 185 4266 parte
207 4181 318 4240 tuntum
339 4177 506 4260 congruunt
526 4192 591 4243 euru
614 4170 676 4235 illis
704 4169 891 4253 criminibus,
920 4192 995 4256 qnae
1015 4171 1131 4260 Lysias
1158 4172 1191 4237 in
1210 4175 1269 4255 ists

102 4263 234 4329 oratione
256 4259 289 4325 in
308 4257 425 4346 legatos
446 4255 571 4339 corint,
591 4276 701 4343 magna
721 4274 793 4319 vero
814 4274 854 4321 ex
875 4263 958 4344 purte
979 4254 1157 4346 discrepant
1176 4256 1269 4331 lutei.
