2760 4792
325 189 1054 311 nnnnmo-oononn.nuu.nnu1e
1225 235 1270 308 se

101 401 166 468 sint
184 401 348 486 confectae,
367 402 544 468 :confinium
554 399 629 468 illud
640 423 701 468 non
721 423 795 468 sane
815 409 903 468 tenum
924 403 1020 469 fnisse
1040 408 1171 493 apparet.
1211 400 1270 468 Aa

100 495 161 575 que
181 505 268 572 quam
286 488 445 577 magnifice
457 486 601 553 Bendidis
622 508 709 554 sacra
733 488 793 553 iam
822 510 886 553 cum
912 489 1037 578 primum
1057 489 1120 553 reci
1139 495 1270 571 crentur,

102 571 254 638 celebrata
282 572 359 656 sint,
391 573 475 638 testis
496 577 545 637 est
567 572 657 637 Plato
686 571 739 638 illo
765 593 850 657 quem
876 572 939 638 dixi
965 572 1044 647 loco:
1087 510 1270 638 slendidam

101 657 199 723 fuisse
257 679 353 747 mpam
373 658 447 723 satis
467 655 594 723 dilucide
615 657 766 746 significat
785 657 847 722 illis
866 658 981 723 verbis:
1023 595 1121 741 Katd
1137 657 1195 738 μὲν
1216 648 1272 722 οὖν

100 764 158 825 μοι
182 765 222 806 κα
260 737 281 825 ἡ
307 747 369 806 τῶν
395 744 564 828 ἐπιχωρίων
589 741 698 824 πομπὴ
724 739 826 818 ἔδοξεν
851 737 942 819 εἶναι,
985 739 1023 806 οὗ
1048 742 1153 824 μέντοι
1179 732 1272 824 ἧττον

102 825 245 913 ἐφαίνετο
265 824 389 913 πρέπειν
408 824 447 910 ἢν
467 827 497 893 oi
519 828 641 917 Θρᾷκες
660 824 803 907 ἔπεμπον.
841 848 881 890 ex
901 847 957 912 quo
978 827 1094 912 quidem
1114 827 1178 892 looo
1198 827 1273 894 illud

102 910 178 978 mihi
198 911 340 1000 colligere
365 912 485 995 videor,
516 912 676 977 solemnem
703 913 792 976 istum
819 910 985 976 comitatam
1009 911 1053 977 ita
1072 912 1167 977 fuisse
1187 911 1274 977 insti-

102 1001 213 1079 totum,
243 1003 277 1061 ut
297 1017 337 1062 ex
356 996 591 1064 Atheniensibus
617 995 723 1062 delecti
749 1017 835 1061 sacra
861 996 994 1078 obirent,
1030 997 1156 1062 seorsim
1176 1004 1274 1066 autem

101 1074 244 1147 'l'hraces
264 1082 475 1171 procederent,
511 1103 632 1169 qnorum
655 1102 784 1169 magnus
810 1081 870 1145 iam
886 1080 949 1145 <illa
975 1087 1072 1146 aetate
1097 1082 1155 1153 fuit
1179 1080 1275 1147 Athe·

102 1165 155 1230 nis
181 1175 334 1248 numerus,
355 1173 386 1231 et
405 1186 558 1233 servorum
578 1171 609 1231 et
628 1165 804 1247 liberorum,
840 1165 1073 1251 qnandoquidem
1093 1187 1148 1255 per
1163 1165 1276 1232 diutur-

102 1269 176 1316 num
195 1256 254 1316 tem
274 1251 336 1316 oris
356 1253 481 1340 spatium
501 1253 561 1316 iam
581 1251 755 1317 commercia
775 1258 928 1336 utrumque
947 1272 986 1339 po
1006 1251 1085 1316 olum
1112 1252 1276 1316 coniunxe-

102 1340 183 1402 rant
255 1357 329 1422 eque
354 1357 487 1426 pompam
513 1335 609 1401 solum
638 1336 794 1424 superbam
821 1341 851 1399 et
876 1356 947 1423 mag
969 1336 976 1350 '
1001 1357 1065 1400 cam
1084 1335 1277 1401 instituerant

102 1417 323 1504 athenienses,
359 1421 414 1487 sed
439 1421 611 1510 vespertino
636 1426 694 1486 tem
732 1442 766 1485 re
798 1426 946 1484 certamen
1004 1428 1104 1485 nostre
1125 1443 1191 1486 eum
1212 1428 1276 1487 tae·

105 1503 157 1571 dis
176 1506 349 1571 ardentibus
369 1505 488 1594 publica
507 1508 680 1595 impensae
723 1505 872 1588 bebatur,
897 1504 958 1569 vid.
1007 1506 1068 1570 lato
1089 1506 1176 1571 ibid:
1208 1507 1277 1570 Kal

104 1584 343 1672 ὃἍδεόμανῐος,
356 1581 504 1677 {cotye
529 1583 550 1673 ἦ
572 1587 605 1654 δ’
629 1586 671 1668 tc,
694 1587 766 1654 οὔδ’
790 1589 863 1667 ἴστε,
896 1584 943 1653 ὅτι
963 1589 1089 1672 λαμπὰς
1099 1588 1186 1655 ἔσται
1197 1589 1276 1678 πρός

104 1669 239 1759 ἑσπέραν
264 1673 324 1761 ἀφ’
345 1675 449 1739 ἵππων
474 1679 513 1758 τῇ
533 1677 618 1760 θεῷς
653 1670 727 1758 Ἀφ’
747 1673 866 1753 *ι’ππωνς
900 1665 989 1755 ἦνδ
1012 1671 1086 1758 bsai·
1120 1673 1225 1740 καινόν
1244 1698 1278 1761 γε

103 1763 211 1824 τοῦτο.
247 1755 411 1841 λαμπάδια
437 1755 554 1838 ἔχοντες
583 1753 788 1820 διαδώσουσιν
815 1752 960 1837 ἀλλήλοις
983 1753 1188 1838 ἁμιλλώμενοι
1210 1770 1279 1837 Ιτοῖς

102 1841 230 1924 brucca:
257 1840 365 1925 ἢπῶς
385 1839 495 1925 asyam·
520 1835 644 1915 Οὕτως,
674 1837 735 1925 ἔφη
757 1834 773 1902 ὅ
793 1839 1009 1921 Πολέμαρχος.
1052 1841 1144 1907 Talia
1165 1853 1280 1944 specto-

103 1927 175 1993 cnla
195 1932 229 1991 ut
246 1924 450 1992 Athenienses
471 1924 504 1988 iu
524 1922 698 2006 Minervae,
719 1922 892 1988 Promethei
913 1931 944 1997 et
962 1924 1089 1994 Vulcani
1110 1947 1205 1992 seems
1227 1950 1281 1993 ex-

101 2011 213 2078 hibere
238 2009 321 2076 soliti
347 2014 447 2091 erent,
477 2009 520 2073 ita
545 2008 634 2073 etiam
660 2008 738 2073 hauc
764 2007 978 2074 solemnitatem
999 2010 1090 2075 simili
1115 2012 1201 2079 modo
1228 2033 1282 2078 ex·

104 2117 218 2163 ornare
238 2094 408 2160 studebant:
429 2114 525 2179 neque
544 2113 619 2159 vero
639 2093 780 2158 abhorret
799 2093 856 2158 hoc
876 2092 1049 2161 aBendidis
1070 2096 1176 2180 sacris,
1197 2097 1280 2162 cuius

104 2181 270 2268 imaginem
290 2179 332 2245 ita
352 2179 449 2245 fictam
470 2199 538 2243 esse
557 2177 712 2267 probabile
737 2183 809 2259 est,.
835 2183 869 2244 ut
894 2179 997 2244 taedas
1024 2181 1158 2246 manibus
1203 2191 1283 2247 esta·

105 2271 166 2348 ret,
187 2264 331 2350 siquidem
352 2264 441 2328 etiam
462 2261 644 2329 Graecorum
664 2260 782 2345 Diana,
831 2284 898 2328 uam
918 2270 1040 2353 propter
1059 2203 1284 2333 similitudinem

107 2369 286 2439 componere
308 2348 443 2413 solebant
463 2369 528 2412 eum
557 2347 615 2414 dea
635 2347 788 2429 Thracia,
812 2282 901 2413 laces
922 2348 1058 2415 manibus
1080 2358 1204 2439 gestans
1225 2353 1281 2418 tiu·

107 2435 246 2524 gebatur.
287 2432 335 2498 lta
354 2431 517 2594 Sophocles
538 2428 572 2496 in
593 2430 707 2520 Oedipo
727 2431 776 2496 Re
800 2452 868 2496 ev.
888 2431 968 2499 204:

194 2514 309 2587 Λόκιδ
333 2513 393 2581 δια
418 2514 489 2594 ,τό
508 2539 541 2581 σε
562 2514 604 2580 ab
622 2538 779 2600 χρυσοστρ
824 2539 867 2581 ων
886 2513 944 2581 ἀπ’
968 2514 1109 2602 ἀγκαλῶν

195 2603 297 2668 Busa
321 2597 446 2683 θέλοιμ’
468 2597 508 2665 ἂν
527 2596 666 2683 διδόματ’
689 2602 886 2666 ἐνδατεῖσθαι

190 2684 312 2773 Ἅριιγδ
332 2684 566 2773 προσταθένῐα,
593 2681 649 2763 τός
667 2709 701 2750 τε
722 2681 903 2773 πυρφόρους

193 2769 372 2854 Ἀρτέμιδος
388 2769 515 2854 ἀἶ’γλας,
542 2769 598 2846 ξδν
617 2765 668 2846 αἷς
688 2767 790 2835 Λόκι*
814 2769 887 2856 δρεα
907 2765 1037 2861 διᾴσσει.

108 2854 155 2927 Et
174 2858 251 2969 opud
272 2855 485 2922 Callimachum
505 2856 538 2920 in
556 2855 687 2921 Dianam
707 2877 737 2922 v.
759 2857 800 2922 11
821 2857 890 2922 Dea
909 2856 984 2922 haec
1004 2856 1134 2945 flagitat:

195 2938 288 3008 Ant
310 2941 503 3027 φαεσφορίην
522 2963 556 3005 τε
576 2941 628 3005 καὶ
648 2941 681 3016 ἐς
700 2937 773 3026 γόνυ
793 2940 883 3029 μέχρι
900 2946 1017 3024 χιτῶνα

198 3021 384 3091 Ζιόννυσθαι
405 3023 562 3109 lapsando.

110 3108 208 3197 Equis
231 3117 327 3176 autem
348 3111 424 3196 quod
444 3111 523 3175 vecti
540 3114 624 3192 sunt,
645 3110 695 3196 qui
715 3110 818 3176 taedas
839 3110 1005 3192 tradebant,
1027 3109 1104 3195 quod
1124 3131 1234 3175 novum
1255 3114 1287 3175 et

110 3197 286 3269 inusitatum
307 3202 393 3265 vocat
412 3194 519 3277 Plato,
538 3195 571 3260 id
590 3215 663 3260 vero
684 3216 724 3260 ex
745 3193 897 3259 Thracum
918 3195 1129 3261 consuetudine
1149 3202 1288 3284 repeten-

113 3280 185 3347 dum
205 3281 350 3363 arbitror,
377 3280 512 3364 quoniam
533 3279 579 3344 illi
599 3279 682 3365 equis
703 3279 859 3369 plurimum
880 3280 1050 3344 utebantur:
1078 3280 1176 3364 itaque
1196 3280 1224 3344 is
1245 3281 1288 3344 ri-

112 3371 163 3431 tus
191 3365 279 3431 etiam
306 3365 343 3429 ab
364 3363 600 3429 Atheniensibus
625 3372 770 3453 receptus.
822 3364 974 3434 Nocturno
1002 3363 1127 3450 denique
1156 3371 1213 3428 tem
1234 3386 1288 3430 ore

111 3451 206 3516 ‘ctiam
226 3448 415 3539 pervigilatio
435 3448 658 3533 instituebatur,
691 3468 778 3535 quam
807 3446 930 3514 iuvenes
951 3448 1134 3544 potissimum
1156 3386 1288 3514 celebra·

114 3534 203 3608 bant:
245 3532 334 3606 Plato
355 3533 442 3598 ibid:
484 3534 551 3599 Kal
572 3529 649 3618 πρός
668 3557 701 3617 γε
722 3533 893 3615 παννυχίδα
921 3528 1115 3615 ποιήσουσιν,
1142 3529 1181 3615 ἢν
1201 3531 1288 3610 aaron

114 3615 318 3684 θεάσασθαι·
350 3615 624 3700 ἐξαναστησόμεθα
648 3616 709 3703 γὰρ
729 3617 806 3698 μετὰ
826 3615 864 3681 τό
886 3618 1006 3683 δεῖπνον
1026 3621 1077 3683 καὶ
1097 3616 1153 3681 ab
1173 3643 1290 3683 naevo«

114 3703 191 3786 χίδα
211 3698 396 3783 θεασόμεθα
425 3704 477 3767 καὶ
497 3697 688 3785 ξυνεσόμεθό
707 3726 741 3768 τε
761 3707 886 3778 πολλοῖς
906 3707 968 3766 τῶν
993 3699 1069 3768 νέων
1096 3643 1210 3766 ahto:
1229 3703 1289 3768 <aul

115 3783 335 3890 tratetdpata.
393 3786 496 3853 Tanto
523 3794 620 3853 autem
647 3793 743 3888 sumtu
772 3787 849 3892 haec
875 3786 1020 3856 solemnia
1046 3786 1195 3935 plelehrata
1221 3806 1289 3851 esse

115 3871 1291 4046 tht‘ttttthtttettttttlttbltttbttttlttttt

78 4106 80 4110 ,
118 4041 233 4108 exteris
254 4048 438 4139 receperant,
458 4041 751 4187 magnificentissl'pme
767 4043 965 4141 exornabant:
987 4040 1161 4188 vidlptupppie
1181 4040 1214 4103 iu
1234 4041 1292 4104 hac
1314 4054 1315 4061 ’

118 4124 1114 4306 ttlttttalttttt,tttqatlttttttmalt,
1135 4129 1294 4306 illinit

121 4296 296 4363 auctoritate
320 4293 399 4361 hauc
423 4294 601 4382 religionem
627 4293 795 4361 sancirent:
830 4301 896 4361 enat
921 4293 1001 4361 enim
1025 4290 1162 4359 Pericles
1189 4310 1226 4357 eo
1246 4309 1293 4357 m·
