2768 4770
120 204 187 273 ²98
504 198 910 271 COMMENTATIONES

122 372 183 441 alia
204 368 338 436 obsoleta
358 374 388 434 et
407 370 563 435 vetustatis
584 369 644 433 situ
664 368 761 434 ehsita
780 369 958 454 restituerit,
979 368 1041 435 alia
1060 371 1190 439 novarit.
1212 372 1283 451 dure

122 461 151 523 si
172 457 221 521 vel
242 457 275 519 in
295 455 334 519 iis
355 454 476 537 fabulis,
498 475 572 540 quae
593 455 625 518 in
647 454 757 519 nullam
778 456 879 520 vocari
899 463 1024 544 possunt
1046 455 1282 548 disceptationum,

119 542 247 693 plurima
279 541 482 629 reperiuntur,
524 560 706 625 nequaquam
734 560 769 604 eo
796 545 971 627 argumento
1002 540 1047 605 uti
1078 542 1230 627 dehemus,
1256 552 1283 611 ul

136 626 240 691 ahulas
262 624 372 711 aliquot
393 624 631 711 elegantissimas
643 624 818 689 Pherecrati
839 626 1030 713 abrogemus;
1051 648 1123 693 nam
1144 630 1193 715 qui
1211 649 1282 696 τοτε-

121 711 215 776 ratios
242 710 298 774 has
324 709 465 794 reliquias
494 709 726 791 examinaverit,
768 711 796 774 is
823 710 1040 775 animadvertet
1070 732 1134 777 non
1166 714 1281 803 potuim

122 797 196 861 talia
221 795 258 859 ah
286 793 345 859 alio
371 815 457 880 quam
484 796 621 879 autiquae
648 794 816 859 comoediae
861 801 928 859 oeta
949 796 1056 861 scribi:
1097 796 1280 867 Nicomachus

120 882 215 969 igitur
239 880 314 961 iste,
348 900 433 965 quern
459 878 674 943 Eratosthenes
701 879 809 961 voluit,
840 816 980 945 lacessat
1021 880 1101 947 Nam
1129 882 1203 949 haee
1224 894 1281 955 oum

121 974 181 1029 tam
202 986 362 1052 germana,
382 972 443 1029 tam
464 964 581 1047 Attica,
602 970 661 1028 tam
681 963 790 1028 festiva
812 964 936 1050 denique
957 972 988 1029 et
1007 964 1124 1055 lepida,
1144 974 1177 1033 ut
1195 969 1280 1037 uiuit

120 1051 302 1114 Pherecrate
322 1057 410 1137 poeta
429 1050 612 1137 lepidissimo
634 1069 695 1112 uon
715 1050 872 1114 videantur
892 1050 1028 1138 componi
1048 1055 1192 1139 potuisse.

207 1132 270 1199 Sed
297 1136 428 1199 breviter
456 1135 515 1198 alia
541 1133 682 1218 quaedam
714 1134 817 1199 exiis
844 1135 971 1216 sabulis,
1013 1156 1091 1221 quae
1119 1136 1280 1219 Phereerrti

121 1218 187 1283 sine
221 1219 283 1283 ulla
316 1219 496 1283 dubitatione
527 1220 710 1300 tribuuntur,
744 1219 952 1307 perstringam.
994 1218 1032 1283 In
1061 1220 1280 1289 Duledidescale

120 1311 208 1393 poeta
235 1303 386 1390 geminum
415 1304 481 1368 lere
511 1310 716 1392 argumentum
745 1311 861 1368 secutus
892 1325 960 1369 esse
991 1304 1112 1370 videtur
1143 1306 1279 1393 atqueii‚

119 1390 168 1475 qui
190 1388 268 1452 vitoe
290 1411 399 1454 aureae
419 1389 579 1475 imaginem
601 1390 813 1453 exhibuerunt:
843 1410 912 1453 nam
932 1392 1171 1492 repraesentavit
1190 1392 1281 1481 opinor

121 1495 186 1538 eam
198 1474 277 1537 vitae
298 1474 443 1538 humanae
466 1474 671 1554 conditionem,
693 1496 757 1537 eum
777 1475 877 1562 prisea
897 1473 1039 1539 selicrtate
1059 1482 1090 1541 et
1108 1476 1279 1567 simplicitate

118 1559 178 1622 iam
199 1566 406 1640 evanescente,
427 1558 566 1623 mortales
590 1558 714 1622 alierum
735 1578 826 1646 opera
846 1557 1027 1645 indigerent.
1052 1559 1157 1647 Itaque
1178 1562 1280 1629 induxit

122 1643 264 1728 aliquem,
287 1645 336 1728 qui
363 1663 466 1707 servos
486 1643 580 1708 variis
602 1642 766 1732 disciplinis
788 1650 874 1728 atque
896 1644 1008 1709 artibus
1034 1644 1212 1729 instrueret;
1239 1646 1279 1750 qd

120 1729 237 1813 quidem
258 1729 418 1815 magister,
450 1749 507 1814 qua
528 1729 642 1792 ratione
664 1730 697 1792 in
723 1727 780 1793 hac
801 1728 957 1815 disciphna
983 1728 1130 1795 tradenda
1150 1752 1220 1797 usus
1237 1738 1279 1815 erl,

119 1814 173 1876 vix
199 1812 273 1877 satis
305 1814 459 1902 perspicue
487 1812 669 1878 divinaveris
697 1833 736 1876 ex
767 1813 892 1877 obscuro
920 1813 1071 1879 Athenaei
1095 1814 1162 1881 loeo
1187 1814 1278 1907 Vhp.

120 1899 184 1963 ²62
204 1896 248 1962 B:
286 1896 350 1962 'Ad
368 1922 441 1962 ποτε
462 1893 535 1982 lyei,
564 1894 672 1982 άνδρες
693 1897 793 1983 φίλοι,
826 1894 1012 1979 τεθαύμακα
1033 1898 1069 1963 ad
1090 1905 1154 1965 τῶν
1174 1898 1279 1967 δούλαν

118 1983 204 2068 γένος
224 1979 267 2058 ῶς
287 1983 370 2047 ἐστιν
391 1982 532 2067 ἐγκρατὲς
552 1980 719 2058 τοσαύταις
739 1979 1007 2065 ἐγκαλινδούμενον
1028 1986 1189 2067 λιχνείαις·
1213 1982 1280 2053 ταύ-

118 2091 175 2143 τας
194 2066 254 2152 γὰρ
275 2063 465 2153 ὑπερορῶσιν
487 2066 522 2132 ού
543 2062 640 2148 μόνον
661 2066 713 2130 διδ
735 2065 843 2152 φόβον,
866 2066 947 2131 ἀλλὰ
967 2070 1018 2133 καλ
1040 2068 1121 2134 rard
1141 2072 1279 2137 διδασκιι·

117 2153 202 2227 λίαν,
231 2150 268 2217 ού
294 2152 351 2235 τὴν
377 2153 408 2215 ἐν
430 2150 715 2239 Δουλοδιδασκάλῳ
740 2149 967 2239 Φερεκράτους,
994 2152 1076 2218 ἀλλά
1102 2156 1279 2235 ἐθισθέντες.

118 2236 195 2303 Cum
221 2257 260 2301 ex
280 2237 328 2303 his
356 2236 429 2301 satis
461 2243 618 2326 appareat,
646 2236 858 2301 Pherecratem
877 2241 911 2302 in
930 2237 984 2303 illa
1009 2238 1114 2305 fabulo
1139 2262 1278 2309 serves!

160 2320 277 2385 lositate
293 2370 298 2381 .
315 2322 491 2407 omninoque
532 2320 676 2386 eiusmodi
709 2323 890 2411 turpitudine
926 2344 1022 2409 neque
1059 2346 1177 2414 poenae
1210 2332 1279 2393 metu

139 2405 315 2489 eterruisse,
346 2428 441 2492 neque
468 2428 541 2471 vero
569 2407 780 2473 consuetudine
806 2408 930 2492 quadam
961 2416 1048 2494 atque
1074 2408 1279 2477 volontateod

114 2492 299 2556 honestatem
327 2491 537 2574 commovisse,
578 2500 665 2581 poeta
685 2512 763 2556 nova
789 2493 888 2578 aliqua
908 2498 939 2556 et
965 2492 1065 2583 lepida
1086 2503 1151 2561 arte
1172 2494 1279 2561 videtur

115 2597 187 2640 usus
210 2598 294 2658 esse,
315 2597 372 2661 qua
393 2598 547 2642 servorum
568 2577 681 2640 animos
704 2598 760 2662 quo
781 2577 873 2642 vellet
892 2577 1033 2645 flecteret
1070 2578 1150 2648 Illud
1171 2580 1279 2667 quiden

116 2668 197 2725 certe
223 2668 310 2749 puto,
344 2661 555 2725 Pherecratem
584 2660 759 2726 effrenatam
787 2663 974 2728 servitiorum
1001 2664 1169 2749 licentiam,
1212 2686 1280 2753 quae

113 2751 184 2810 tunc
204 2746 262 2810 fuit
282 2768 411 2828 summa,
431 2745 485 2810 illa
505 2746 637 2832 imagine
658 2754 727 2811 ante
748 2747 877 2811 omnium
898 2747 998 2814 oeulos
1019 2750 1129 2838 posita,
1149 2770 1280 2816 caeream

112 2830 255 2897 voluisse.
297 2830 338 2894 Et
368 2829 406 2894 ad
431 2830 583 2919 epularum
616 2831 732 2916 quidem
759 2833 1024 2920 magnificentiam,
1057 2855 1145 2920 quam
1171 2835 1206 2901 iu
1229 2834 1280 2901 hue

112 2915 216 2981 fahula
235 2921 486 3004 repraesentatam
506 2914 601 2979 fuisse
611 2916 660 2979 vel
673 2917 725 2981 ille
734 2916 805 3004 {ipse
821 2916 970 2982 Athenaei
991 2918 1074 2983 locus
1087 2920 1200 3007 arguit,
1266 2956 1280 2974 ·

111 3000 209 3066 tinent
229 3008 341 3090 septem
362 3022 480 3082 versuo,
501 3000 551 3085 qui
571 3000 712 3087 leguntur
733 3001 811 3089 apud
832 3001 942 3065 Athen.
963 3002 1019 3067 Ill.
1039 3004 1125 3092 pao
1143 3004 1192 3071 Bc
1212 2939 1279 3069 lde

111 3082 222 3172 ἑφθῶν
243 3088 347 3151 ποδῶν
366 3084 547 3167 μνημονεύει
571 3081 764 3167 Φερεκράτης
785 3088 817 3150 ἐν
838 3084 1147 3177 Δουλοδιδασκάλῳ

189 3168 296 3247 Ὅπως
316 3167 576 3253 παρασκευάζεται
597 3170 632 3234 τδ
654 3173 775 3234 δεῖπνον
796 3169 903 3235 εἴπαθ’
927 3168 1010 3256 ἡμῖν.

196 3260 238 3321 Β.
260 3258 324 3321 Καὶ
347 3255 423 3337 δῆθ’
447 3252 575 3341 ύπάρχει
595 3256 728 3338 τέμαχος
749 3258 804 3341 ἐν·

192 3341 309 3423 χέλειον
330 3341 418 3421 ύμῖν,
439 3343 559 3417 τευθίς,
581 3337 646 3424 dp-

195 3451 275 3490 νειον
296 3427 403 3512 κρέας,
426 3423 547 3513 φύσκης
566 3421 670 3505 τύμος,

193 3510 285 3585 Ποδς
306 3509 421 3597 ἑφθός,
442 3502 544 3595 ἧπαρ,
565 3503 710 3595 πλευράν,
732 3508 791 3595 δρ-

194 3596 296 3659 νίθεια
317 3593 429 3677 πλήθει
450 3592 567 3673 πολλά,
588 3620 649 3659 τυ-

195 3679 249 3766 ρὸς
269 3680 327 3744 σύν
347 3681 461 3761 μέλιτι,
482 3683 568 3765 μερὶς
590 3683 694 3763 κρεῶν.

107 3764 155 3829 lta
181 3767 259 3830 enim
286 3766 361 3830 haee
389 3766 567 3853 corrigenda
594 3765 741 3829 arbitror:
782 3783 813 3828 v.
835 3764 855 3829 ί
876 3764 950 3828 satis
971 3772 1128 3855 eorruptus
1156 3768 1169 3835 l
1210 3769 1219 3788 ⁸
1269 3792 1279 3835 ι

104 3846 161 3925 Ὡς
181 3846 440 3936 παρασκευάζεται
463 3854 583 3915 δεῖπνον
605 3855 671 3925 πῶς
698 3844 737 3911 div
758 3845 866 3912 εἴπαθ’
889 3845 972 3931 ἡμῖν.
1014 3871 1044 3917 v.
1065 3856 1090 3917 7
1108 3852 1183 3943 lege
1268 3876 1276 3919 τ

106 3933 200 4018 τορὸς
212 3935 361 4016 tralatu,
383 3937 460 4021 qued
481 3935 609 4016 correxi,
632 3941 665 3998 ut
685 3932 742 3998 mel
763 3954 908 3998 unacum
925 3954 1012 3999 easeo
1033 3934 1141 4003 afferri
1159 3940 1277 4021 dicatur,

108 4021 246 4086 conferas
267 4020 429 4085 Philoxeni
449 4041 555 4085 versus
577 4040 617 4084 ex
639 4018 785 4084 Convivia
807 4018 884 4108 apud
904 4018 1016 4105 Athen.
1036 4020 1092 4091 IV.
1133 4026 1221 4093 ,147
1236 4021 1275 4089 ll:

185 4100 381 4190 Ὅμοσύζυγα
401 4106 436 4171 δὲ
456 4101 573 4182 ξανθόν
592 4102 624 4169 τ’
638 4106 817 4187 ἐπεισῆλθεν
836 4104 906 4184 μέλι
926 4106 978 4168 καλ
997 4100 1080 4188 γάλα
1127 4132 1275 4191 mnes,

769 4184 805 4252 τύ
819 4213 852 4253 κε
863 4188 958 4275 τορὸν
977 4187 1061 4269 ἅπας
1079 4218 1128 4273 τις

184 4265 283 4359 Ἦμεν
303 4270 418 4362 ἔφασχ’
441 4269 578 4354 ἁπαλόν,
598 4271 699 4359 aalysiae
719 4268 854 4360 ἐφάμαν.
