2760 4792
236 272 242 287 x,
333 206 393 271 me
414 206 556 281 usuro.
579 205 766 278 corrono.
786 209 893 278 inu.
913 207 1058 309 ramo.
1213 215 1279 281 aaa

191 377 290 460 ‘Matr'
310 375 364 440 τὸν
384 381 497 461 κλῆρον
516 376 660 459 proludat
675 377 773 459 μηδὲν
793 373 867 458 ὑμῖν
886 377 994 451 alitor,

187 460 257 526 “Otr
280 463 447 547 προείληχ),
470 461 540 524 ἀλλ’
564 459 686 526 ἅπαντα
707 469 807 526 ταῦτα
825 462 887 544 χρὴ
908 463 1118 543 μεμνημένους

196 547 255 628 Μὴ
272 546 434 631 ’πιορκεῖη
456 547 535 610 ἀλλὰ
556 550 666 630 κρίνειν
686 548 758 623 rode
776 547 890 631 χοροὺς
911 548 1016 632 ὀρθῶς
1036 547 1098 612 ἀεί.

193 634 290 714 Μηδὲ
310 643 377 708 ταῖς
398 643 505 708 κακαῖς
526 631 662 716 ἑταίραις
682 632 736 698 τὸν
757 631 872 715 τρόπον
892 635 1092 714 προσεικέναι,

192 719 239 781 Ai
259 715 355 799 μόνον
371 715 494 799 μνήμην
515 717 618 800 ε’χοεισι
638 725 701 784 τῶν
716 722 895 782 τελευταίων
916 719 973 782 ἀεί.

107 801 205 870 Docte
226 804 263 868 de
285 806 339 868 hnc
353 803 731 869 redisseroitFritrschius
752 806 784 868 in
806 813 960 869 comment.
982 801 1148 868 deDaetal.
1169 823 1198 890 p.
1213 803 1276 868 120

108 895 169 976 seq.
198 888 250 954 Sic
260 890 354 975 igitur
365 891 454 953 etiam
468 889 621 969 Cratinus,
639 912 703 954 com
720 890 777 953 iam
790 902 877 952 antea
887 890 1030 968 novisset,
1043 910 1162 973 quorum
1176 898 1275 975 poeta-

107 997 172 1040 rum
193 975 312 1039 tabulae
330 983 398 1038 ante
415 997 497 1038 suam
516 975 549 1038 in
565 997 656 1038 scena
671 983 850 1061 agerentur,
871 975 928 1038 isto
952 973 1068 1038 nomine
1088 973 1181 1061 potuit
1200 973 1274 1038 istos

108 1061 234 1126 comicos
255 1068 368 1123 nomre.
396 1059 438 1124 At
459 1060 532 1123 mihi
552 1060 667 1144 quidem
686 1060 748 1123 veri
765 1059 891 1123 similius
913 1059 1030 1123 videtur
1048 1058 1276 1140 αὐθημιριωίις

107 1144 270 1233 nuncupari
283 1166 385 1208 omnes
401 1145 519 1208 omnino
531 1156 633 1232 poetas
647 1144 722 1228 quod
740 1167 759 1206 a
769 1145 957 1228 quotidianae
971 1145 1047 1207 vitae
1062 1143 1274 1208 consuetudine

106 1252 168 1294 non
189 1231 343 1310 recedant,
375 1230 451 1313 quod
478 1251 538 1293 non
566 1229 653 1293 altius
681 1251 715 1293 se
742 1230 860 1310 tollant,
888 1229 1041 1293 sublimius
1068 1228 1137 1313 quid
1164 1236 1275 1316 petant,

106 1315 161 1380 scd
182 1318 242 1379 cito
260 1324 442 1379 marcescant
469 1323 499 1379 et
519 1323 713 1379 evanescant:
741 1326 771 1378 et
797 1315 927 1378 sortasse
952 1315 1111 1401 scripserat
1133 1312 1274 1378 Cratinus

99 1421 165 1465 non
189 1399 404 1482 αὐθημερινιῖιν
425 1405 568 1481 ποιητῶν,
591 1400 665 1484 quod
689 1399 737 1462 vel
757 1413 877 1487 propter
898 1399 1058 1464 cumulatos
1079 1398 1167 1463 nimis
1188 1398 1275 1486 geui-

104 1486 182 1550 rivos
203 1486 313 1573 pingue
329 1485 464 1569 quiddam
487 1495 517 1548 et
538 1485 680 1548 absonum
702 1484 802 1565 hahet,
822 1484 891 1548 sed:

132 1616 135 1622 ·
185 1569 260 1636 Ἀπὸ
281 1571 337 1649 μίν
357 1566 522 1651 βλεφάρων
543 1569 810 1650 αὐθημιρινὸν
831 1574 964 1649 ποιητῶν
985 1571 1079 1651 λῆρον
1100 1565 1232 1653 aptata.

104 1655 235 1720 Prorsus
257 1655 301 1718 sic
322 1655 575 1719 dixitAeschines
596 1655 628 1715 in
650 1651 864 1738 Ctesiphontea
882 1655 1030 1731 2082&
1053 1655 1086 1716 de*
1108 1652 1273 1730 ἑλκοποιεῖς

106 1743 155 1803 καί
181 1737 302 1820 μᾶλλόν
322 1762 371 1801 σοι
398 1738 480 1816 μέλει
506 1743 571 1800 τῶν
595 1736 775 1818 αὐθημερὸν
796 1736 892 1818 λόγων
919 1734 1013 1816 ilaris
1040 1741 1193 1820 σωτηρίας
1219 1745 1275 1818 τῆς

104 1822 230 1898 πόλεως.
274 1824 323 1907 qui
350 1823 433 1886 lucrm
462 1843 481 1886 a
508 1821 608 1884 Plinio
636 1819 732 1884 Eist.
760 1821 814 1885 lX.
837 1823 878 1904 26
905 1821 1076 1900 adhibetur,
1119 1832 1152 1886 ut
1176 1825 1272 1910 ipsum

104 1910 286 1976 Aeschinem
307 1908 361 1988 iis,
389 1927 462 1990 quae
490 1906 521 1968 iu
543 1842 746 1969 Demosthene
773 1904 1012 1994 reprehenderit,
1043 1906 1165 1970 minime·
1183 1909 1274 1972 absti-

105 1998 209 2060 nuisse
227 1994 345 2057 doceat:
368 1993 409 2056 ibi
424 1999 519 2055 autem
540 1997 601 2053 τῶν
614 1990 804 2073 αὐθημιριῑιν
822 1988 921 2073 λόγων
940 1989 1059 2077 legitur.
1083 1990 1165 2055 Dicit
1176 2000 1271 2058 auom

104 2080 270 2147 Aeschines
298 2078 353 2141 hoc
379 2076 497 2140 nomine
518 2098 569 2140 eas
591 2077 758 2157 orationes,
786 2097 860 2160 quae
881 2084 1006 2139 externa
1035 2076 1149 2160 quidem
1172 2078 1270 2164 specie

105 2164 305 2243 blandiuntur,
326 2162 422 2226 subito
443 2182 514 2224 vern
536 2161 724 2225 obsolescunt
744 2169 774 2225 et
795 2173 935 2248 pereunt,
957 2182 1012 2224 nec
1034 2161 1121 2227 ullum
1144 2162 1272 2240 lructnm

105 2257 155 2315 aut
187 2246 365 2314 commodum
397 2245 535 2310 afferunt.
598 2245 804 2334 Reprehendit
830 2246 925 2396 igitur
956 2245 1097 2312 Cratinus
1131 2247 1269 2332 aequales

105 2335 253 2413 comicos,
295 2331 372 2416 quod
393 2339 503 2394 temere
543 2332 685 2396 musicam
710 2341 805 2396 mmm
830 2332 1000 2418 eegerint,
1042 2344 1153 2396 temere
1180 2353 1270 2420 argu·

105 2429 202 2485 menta
223 2427 252 2482 et
294 2425 438 2505 reponant
458 2424 488 2480 et
509 2416 659 2504 proposita
679 2424 819 2496 tractent,
846 2418 1022 2525 omninoque
1042 2416 1120 2480 nihil
1139 2417 1197 2482 nisi
1219 2439 1269 2482 res

104 2502 248 2585 ludicras,
272 2438 373 2581 leves,
416 2501 547 2565 abiectas
572 2509 736 2582 sectentur,
768 2502 834 2589 ipse
860 2522 931 2565 vero
959 2501 1102 2566 bratinus
1129 2502 1269 2568 incensus

104 2601 215 2653 tommo
236 2586 370 2650 veritatis
397 2585 644 2673 pervestigandae
671 2608 775 2664 amore
801 2596 832 2649 et
852 2587 938 2651 huius
960 2586 1101 2686 propositi
1122 2588 1269 2669 conscius,

104 2675 211 2762 optime
231 2680 355 2736 noverat
380 2670 449 2756 quid
476 2670 686 2758 expetendum,
714 2671 784 2756 quid
814 2693 926 2736 somnio
947 2673 1048 2737 studro
1066 2680 1147 2736 esset
1167 2673 1270 2757 exqui»

104 2759 239 2822 rendum:
271 2757 359 2841 idque
392 2756 472 2819 omni
497 2776 587 2855 opera
619 2769 704 2840 atque
731 2756 838 2820 adrium
870 2757 1056 2821 contentione
1082 2757 1268 2841 sequebatur.

104 2842 151 2907 De
177 2842 280 2927 quavis
309 2842 403 2928 igitar
422 2862 456 2903 re
478 2840 705 2927 diligentissime
733 2841 881 2928 cogitabat
902 2850 932 2906 et
958 2851 1017 2906 tum
1039 2841 1170 2924 demum,
1203 2864 1267 2909 cum

104 2928 181 2992 omni
204 2947 243 2990 ex
263 2937 349 3014 parte
367 2925 533 2989 meditatam
556 2934 590 2989 et
606 2939 788 3014 perspectam
809 2927 933 2991 haberet
952 2929 1119 3015 proposuit3
1152 2927 1267 2993 alienos

104 3013 181 3075 enim
213 3011 270 3075 luit
302 3012 339 3075 ab
373 3011 431 3074 ista
459 3010 594 3090 leuitate,
637 3031 693 3095 qua
720 3011 803 3075 molti
834 3011 902 3075 olinr
929 3012 1053 3076 fuerunt
1076 3020 1181 3102 poetae
1209 3011 1267 3094 usi,

102 3116 180 3178 nunc
200 3116 272 3160 vero
293 3095 383 3159 multo
404 3094 520 3182 plores,
542 3095 591 3178 qui
612 3096 745 3182 specioso
767 3097 916 3161 facilitatis
938 3096 986 3161 rel
1007 3099 1124 3184 ingenii
1148 3097 1267 3163 nominc

102 3181 173 3260 titia
200 3180 306 3245 callide
327 3182 494 3244 obscurant.
537 3180 668 3244 Omnino
691 3189 789 3244 autem
815 3182 953 3267 aannao
972 3183 1080 3246 atticae
1100 3181 1267 3247 comoediae

102 3265 248 3353 principes
276 3265 349 3328 illud
373 3273 443 3329 sont
463 3265 573 3344 secuti,
600 3264 677 3349 qaod
704 3265 752 3349 qui
778 3267 890 3353 primos
916 3267 1053 3331 uomicam
1076 3275 1169 3331 utem
1191 3265 1268 3368 apud

102 3369 155 3416 nos
166 3350 343 3414 instauravit
357 3359 387 3413 et
398 3349 519 3430 extulit,
540 3349 660 3413 eximiis
672 3351 806 3414 versibus
827 3351 969 3416 irrFurca
987 3351 1073 3416 fatali
1088 3351 1186 3439 praem
1207 3361 1246 3416 itt

186 3434 290 3498 Sclten
311 3436 393 3522 noigt
412 3435 476 3497 sich
488 3433 591 3516 Eiuer,
613 3434 757 3499 walchem
780 3433 862 3499 ‘eder
871 3436 948 3500 Puls
956 3437 1017 3501 wie
1026 3435 1053 3500 F
1056 3458 1127 3500 eum
1139 3373 1267 3525 scbl'a'gt,

173 3519 271 3604 ¹Weil
285 3521 354 3583 ‘illm
373 3520 421 3583 die
436 3520 533 3583 Nator
552 3519 596 3582 als
618 3520 704 3582 ibren
716 3459 862 3607 Liehlirrg
882 3523 937 3585 aul
951 3521 1009 3586 den
1021 3520 1151 3586 flauam
1172 3528 1266 3622 tetigt:

184 3602 268 3670 Solls
295 3605 369 3669 auch
390 3604 512 3670 Diesem
540 3604 622 3669 nicht
647 3604 844 3692 ruisslingen,
864 3605 946 3755 dlralpl'
969 3628 1004 3671 er
1034 3606 1098 3672 ‘viel
1115 3607 1186 3692 und
1211 3605 1269 3674 oct

846 3699 961 3773 caet,

184 3772 273 3838 Aher·
289 3773 380 3838 ferne
395 3794 454 3838 von
476 3771 667 3855 Scholastilc,
686 3773 736 3838 die
756 3709 904 3841 trehet
923 3798 976 3841 ror
996 3774 1023 3840 F
1025 3775 1121 3842 ormel
1138 3775 1244 3843 matht.

185 3856 283 3922 thre
304 3859 358 3922 mit
378 3880 412 3922 so
434 3858 559 3922 leiehten
583 3858 701 3924 Griffen
723 3881 762 3922 aa
780 3860 936 3926 eutrifferu
959 3861 1007 3929 dic
1027 3861 1138 3943 Natat,
1323 3881 1326 3884 ’

184 3942 278 4008 tratre
298 3944 343 4007 sic
364 3944 418 4006 aul
436 3943 513 4014 coeli
533 3953 679 4030 gewartet
699 3946 748 4008 ihr
764 3966 807 4007 ru
825 3947 963 4012 tomam
984 3949 1038 4012 aet
1057 3946 1110 4011 die
1122 3945 1226 4035 Spuri

108 4044 109 4049 ’
183 4027 271 4094 Αιιο1]
293 4028 349 4093 das
367 4028 475 4109 Beate,
495 4050 560 4093 was
581 4029 629 4093 ihr
650 4030 760 4111 bildet,
777 4030 820 4094 ist
838 4031 890 4095 ein
908 4033 1026 4120 euuiger
1044 4029 1191 4112 Versocb,

183 4113 250 4178 Nur
269 4134 363 4179 weuu
381 4112 530 4178 Krastes
551 4114 644 4195 adelt,
672 4114 762 4178 bleiht
783 4136 819 4179 es
838 4126 988 4206 storeotyp
1009 4117 1048 4182 im
1070 4109 1263 4186 Zaitenbucba

100 4196 168 4264 Non
188 4199 283 4287 igitur
301 4199 422 4264 soemnt
441 4198 486 4263 illi
506 4199 656 4288 principes
677 4199 732 4263 viri
753 4200 959 4290 philosophiae
976 4203 1073 4268 modio
1087 4202 1192 4283 dediti,
1208 4201 1264 4268 sed

101 4283 307 4365 abhorrebant,
328 4284 463 4370 qusniam
484 4286 620 4372 germani
640 4285 763 4351 luerunt
777 4296 897 4376 poetae,
912 4287 1102 4380 adiseipliu
1118 4295 1149 4353 ut
1166 4288 1263 4353 forma
