2760 4792
326 229 385 295 DE
406 228 550 304 RELIQ.
572 225 760 294 COMOED.
782 225 888 292 ATT.
909 225 1055 302 annuo
1207 229 1271 299 tta

105 403 266 484 ιίσηγεῒτο,
287 393 329 474 ὡς
350 399 399 461 καὶ
421 393 606 482 Σωκριίτηςι
636 396 733 479 itaque
754 395 907 482 Diagoras
928 397 1045 461 videtur
1064 397 1170 464 librum
1192 421 1279 484 com-

102 487 250 575 posuisse,
271 483 304 546 in
325 503 380 567 quo
403 503 463 545 non
483 481 577 545 solum
598 481 725 569 priscam
746 481 952 566 mysteriorum
974 482 1150 570 religionem
1162 506 1268 550 vanam

104 593 172 636 esse
195 578 223 633 et
250 568 478 631 commenticiam
500 566 611 642 docuit,
640 565 693 628 sed
715 566 802 628 etiam
829 565 916 629 alium
939 565 1031 630 divini
1057 569 1185 632 numinis
1207 571 1269 634 cul-

103 664 175 735 tum,
196 653 292 737 magis
312 652 390 740 pium
412 651 494 714 illum
515 650 630 735 quidem
652 656 682 713 et
702 656 828 730 castum,
850 650 1013 733 substituit,
1035 653 1112 716 unde
1133 653 1191 718 ista
1212 656 1269 720 ori·

103 741 224 805 minatio
236 748 300 801 orta
317 743 372 817 est,
394 735 476 819 quasi
497 755 590 799 novos
612 734 684 797 deos
704 734 835 798 doceret:
856 736 882 798 is
904 742 1000 800 autem
1015 735 1090 801 liber
1110 739 1202 803 iuscri
1222 746 1269 803 tus

104 831 150 888 est
181 822 433 905 ἀποποργίζοντις
458 816 556 903 λόγοι,
591 839 665 903 quae
694 818 809 902 quidem
837 819 989 907 inscriptio
1015 822 1084 906 quid
1110 760 1269 910 signidbet,

104 909 236 995 ambigo:
258 906 392 992 vulgaris
414 911 494 968 certe
520 904 600 967 notio
621 904 706 966 verbi
733 902 945 988 ἀποπυργίζειγ
971 926 1032 968 nou
1052 906 1168 971 videtur
1195 910 1267 973 satis

103 993 280 1071 convenire,
301 990 433 1075 equidem
455 989 560 1077 opinor
581 987 744 1074 Diagoram
772 989 814 1052 ita
835 989 913 1052 hunc
932 989 1039 1054 librum
1062 992 1268 1079 appellavisse,

103 1077 240 1163 quoniam
261 1077 290 1138 in
313 1096 348 1138 eo
370 1074 470 1137 divina
491 1073 612 1137 numina
632 1072 716 1157 quasi
742 1072 778 1136 de
800 1093 911 1138 summo
938 1075 1061 1160 fastigio
1083 1077 1202 1158 deiecit,
1226 1079 1268 1141 uti

104 1166 240 1244 anayade
256 1168 301 1224 est
321 1160 354 1223 in
375 1180 517 1222 summum
538 1157 608 1221 lasti
633 1157 690 1221 'um
711 1155 831 1239 afferre,
854 1159 943 1222 veluti
960 1158 1119 1249 Euripides
1140 1162 1216 1226 dixit
1235 1163 1268 1226 in

103 1245 223 1313 Bellero
243 1245 332 1308 honte
353 1242 381 1306 E
382 1265 407 1308 r.
428 1242 510 1311 XVI.
534 1244 574 1308 15
627 1242 780 1342 einopia,
808 1264 881 1328 quae
909 1245 986 1332 apud
1012 1245 1146 1311 homines
1173 1247 1268 1337 opini-

103 1353 190 1397 onem
213 1267 248 1394 db
270 1329 389 1393 deorum
408 1327 539 1416 potentia
560 1327 747 1391 excitaverit:
869 1382 871 1386 ,

192 1414 242 1477 Tol
263 1419 334 1477 θεῖα
356 1411 507 1497 πυργοῦσ’
532 1411 564 1475 αἱ
594 1414 689 1475 κακαί
706 1436 737 1476 τε
758 1415 927 1499 συμφοραί.

103 1502 203 1585 itaque
240 1499 391 1587 inscriptio
424 1498 454 1561 id
492 1497 557 1560 lere
590 1497 821 1583 significaverit,
854 1500 930 1585 quod
961 1501 1137 1567 Lactantius
1164 1500 1267 1567 Divin.
1312 1519 1316 1526 ’

103 1585 201 1651 Instit.
221 1583 320 1665 l.2,2
343 1584 425 1647 dicit:
449 1579 534 1663 „Sed
555 1588 584 1644 et
605 1589 692 1646 antea
712 1582 911 1670 Protagoras,
933 1587 982 1670 qui
1004 1587 1075 1650 deos
1095 1588 1127 1650 in
1150 1586 1268 1651 dubium

103 1669 238 1750 vocavit,
266 1684 300 1732 et
319 1683 438 1746 postea
461 1670 654 1746 Diagoras,
682 1675 741 1747 qui
762 1674 927 1743 exclusit,
964 1678 994 1732 et
1019 1671 1070 1733 alii
1091 1671 1191 1752 multi,
1218 1670 1267 1755 qni
1363 1732 1374 1755 ‚

103 1776 164 1819 non
186 1760 360 1842 putaverunt
372 1752 456 1814 Deos
478 1771 561 1831 esse,
582 1750 651 1834 quid
673 1750 751 1814 aliud
773 1752 945 1831 effecerunt,
965 1753 1024 1816 nisi
1045 1763 1077 1816 ut
1097 1754 1179 1818 nulla
1199 1775 1266 1818 esse

103 1838 289 1929 providentia
313 1837 510 1924 putareturl“
552 1832 593 1897 Et
614 1832 721 1898 Suidas
743 1833 784 1897 Τ.
805 1835 830 1898 Ι.
851 1856 879 1922 p.
900 1837 980 1917 550,
1002 1836 1051 1899 ubi
1072 1837 1141 1901 libri
1161 1838 1267 1902 inscri-

103 1927 232 2014 ptionem
255 1926 409 1999 memorat,
430 1920 517 1983 etiam
539 1926 741 2006 argumentum
757 1919 833 2002 quod
853 1921 944 1984 luerit
964 1920 1116 2008 explanat:
1131 1919 1267 2006 Ἔγραφε

103 2008 175 2083 τοὺς
210 2005 468 2094 ἀποπυργίζοντας
499 2000 607 2084 λόγους
639 2002 851 2087 (ἀναχώρησιν
885 2004 982 2091 αὐτοῦ
1015 2008 1085 2089 καὶ)
1118 2002 1267 2070 ἔκπτωσιν

103 2090 229 2176 λ’χοντας
255 2095 309 2169 τῆς
337 2091 401 2171 περὶ
429 2087 463 2151 τό
492 2092 578 2150 θεῖον
604 2084 704 2169 δόξης.
748 2087 791 2152 At
817 2110 887 2153 vero
914 2089 1062 2154 Tatianus
1090 2090 1155 2154 adV.
1178 2089 1266 2156 Gant.

101 2198 132 2288 p.
145 2175 209 2240 164
229 2174 299 2239 dicit
324 2174 476 2254 Φρυγίους
496 2169 605 2255 λόγους
625 2174 680 2237 hos
700 2173 793 2237 libros
815 2173 975 2261 appellatos
998 2196 1080 2239 esse:
1106 2172 1265 2258 Διαγόρας

100 2268 265 2343 Αθηναῖος
286 2250 332 2341 ἦν,
354 2255 432 2321 ἀλλὰ
453 2262 563 2321 τοῦτον
583 2254 823 2340 ἓξορχησόμενον
843 2257 883 2322 τὰ
904 2257 988 2343 παρὰ
1009 2268 1073 2335 τοῖς
1088 2257 1266 2342 Ἀθηναίοις

104 2343 257 2430 μυστήρια
278 2339 515 2424 τετιμωρήκατι·
538 2345 588 2406 καὶ
616 2353 680 2417 τοῖς
704 2344 848 2427 Φρυγίοις
873 2341 969 2407 αὐτοῦ
996 2341 1097 2426 λόγοις
1120 2341 1266 2428 ἐντυγχόὲ

105 2455 219 2506 νοντες,
252 2427 333 2510 ἡμᾶς
358 2425 552 2508 μιμισόκατε.
594 2425 737 2492 Fortasse
764 2426 917 2513 Diagoras
943 2429 999 2492 hos
1027 2429 1118 2493 bbros
1148 2437 1266 2520 propte·

105 2538 158 2582 rea
179 2535 214 2579 eo
235 2514 353 2578 nomine
375 2513 541 2601 appellavit,
562 2512 638 2596 quod
659 2513 865 2598 mysteriorum
887 2512 963 2599 apud
983 2513 1185 2578 Athenienses
1204 2516 1266 2617 pri.

106 2599 218 2666 mordia
245 2620 283 2662 ex
312 2598 451 2696 Phrygia
481 2598 632 2684 repetebat
664 2597 766 2679 (cuins
801 2597 845 2661 rei
877 2596 1019 2660 nonnulla
1048 2599 1123 2661 vesti
1149 2598 1178 2663 'a
1206 2621 1266 2666 lam

106 2695 221 2749 veteres
249 2683 306 2746 sibi
326 2682 385 2745 visu
410 2688 495 2745 erant
521 2681 682 2769 reperisse)
713 2687 763 2746 aut
781 2681 907 2746 fabellas
929 2702 1001 2766 quas
1027 2682 1103 2771 apud
1151 2683 1265 2772 brygas

108 2769 259 2833 audiverat
280 2788 343 2830 cum
359 2766 521 2831 Atticorum
545 2767 638 2831 sacris
660 2768 857 2855 componebat.
883 2765 924 2830 Et
944 2767 1132 2832 Democritus
1172 2789 1265 2853 uoqns

108 2854 266 2941 scripserat
286 2851 401 2932 librum,
424 2852 470 2914 cui
490 2847 625 2935 (θρόγιος
645 2847 733 2934 λόγος
754 2872 858 2914 nomen
880 2852 952 2933 luit,
974 2851 1047 2932 (vid.
1060 2851 1152 2939 Diog.
1193 2859 1266 2918 aert.

107 2936 158 3002 IX.
175 2937 231 3019 49)
254 2937 303 3020 qui
323 2936 438 3020 quidem
460 2937 546 2999 etiam
560 2934 747 2999 ’Χαλδαϊκὸν
767 2931 857 3017 λόγον
877 2937 995 3023 scripsit
1015 2943 1045 3000 et
1065 2942 1131 3023 περὶ
1153 2942 1213 3001 τῶν
1234 2938 1266 3002 ἔν

107 3024 270 3102 Βαβυλῶνι
302 3020 388 3103 ἱερῶν
419 3017 622 3102 γραμμάτων,
664 3041 748 3105 quem
780 3020 885 3084 librum
911 3022 1129 3100 Βαβυλωνίους
1159 3016 1269 3106 λόγους

107 3113 191 3171 vocat
213 3104 358 3169 Eusebius
379 3105 487 3193 Praep.
509 3104 627 3192 Evang.
647 3105 731 3169 X.4:
753 3101 949 3187 Δημόκριτος
969 3104 1040 3180 τοὺς
1060 3108 1268 3185 Βαβυλωνίων

108 3189 215 3274 λόγους
234 3188 364 3264 ἠθικοὺς
385 3194 570 3272 πεποιῆσθαι
599 3189 730 3272 λέγεται,
758 3190 928 3274 qui‘qnales
956 3191 1067 3254 luerint
1093 3191 1177 3255 docet
1197 3190 1268 3257 Clo·

107 3296 189 3340 mens
211 3273 376 3338 Alexandr.
398 3273 506 3338 Strom.
527 3275 552 3338 l.
572 3297 601 3362 p.
623 3277 700 3340 303:
726 3271 922 3355 Δημόκριτος
942 3274 1000 3360 γὰρ
1022 3273 1094 3350 τούς
1117 3278 1268 3356 Βαβυλω-

107 3362 187 3434 νίους
209 3358 316 3442 λόγους
337 3361 513 3440 πεποίηται·
541 3362 655 3440 λέγεται
680 3357 738 3442 γὰρ
766 3358 822 3441 τὴν
838 3358 1012 3445 Ἀκικόρου
1038 3357 1152 3443 στήλην
1173 3358 1269 3446 ἑρμη-

106 3450 268 3508 νευθεῖσαν
288 3453 351 3517 τοῖς
372 3446 459 3517 ίόίοις
480 3442 624 3518 συντάξαι
646 3443 876 3528 συγγράμμασι,
898 3441 1004 3508 κόίστιν
1017 3442 1268 3527 ἐπισημήνασθαι

106 3527 306 3678 ababli
319 3525 1161 3680 {lllllltdltlt“ltcblltttatlttdlll
1174 3538 1269 3619 pac

106 3705 235 3763 mentum
257 3719 297 3761 ex
322 3698 387 3784 ipsa
408 3697 546 3785 Phrygia
572 3634 707 3785 pelidem
737 3699 775 3762 cl.
789 3638 870 3782 bubo
892 3641 1009 3762 Prilius
1030 3699 1063 3764 in
1084 3664 1153 3765 libri
1261 3747 1269 3765 .

107 3783 291 3871 praelatione
317 3783 353 3846 de
380 3783 512 3869 magicae
540 3783 612 3846 artis
638 3784 749 3864 studio,
776 3785 822 3846 cui
847 3782 1034 3849 Democritus
1061 3785 1175 3850 deditus
1203 3785 1271 3867 fuit,

108 3867 265 3932 memoriae
286 3867 426 3954 prodidit:
448 3867 655 3949 „Democritus
673 3868 876 3956 Apollonicem
889 3867 1086 3957 Capridenom
1107 3877 1137 3934 et
1154 3869 1270 3936 Darda-

109 3971 177 4016 num
194 3974 221 4033 ¹e
243 3952 395 4015 Phoenice
420 3951 594 4034 illustravit,
620 3953 816 4018 voluminibus
837 3953 975 4017 Dardani
1001 3976 1018 4018 e
1044 3955 1178 4043 sepulcro
1205 3955 1269 4018 eius

109 4037 239 4123 petitis“
281 4036 318 4099 ln
344 4036 515 4120 ecquidem
543 4058 645 4101 omnes
673 4038 858 4101 consentiunt
878 4037 1044 4124 Diagoram
1072 4061 1180 4103 arcana
1200 4038 1271 4103 reli·

112 4122 209 4205 gionis
230 4120 437 4185 Eleusiniacae
465 4121 682 4208 divulgavisse,
713 4130 867 4211 praeterea
887 4123 1017 4210 Orphica
1036 4144 1149 4209 quoque
1175 4144 1270 4204 sacro,

113 4223 230 4287 quorum
251 4227 317 4270 omn
338 4205 501 4270 Eleusiniis
528 4228 556 4270 m
580 4208 679 4271 storiis
709 4214 789 4271 arcta
810 4207 867 4271 suit
887 4208 1068 4290 coniunctio,
1094 4207 1270 4296 prodidisse,

113 4289 170 4356 vid.
190 4290 402 4376 Athenagoras
423 4312 451 4378 p.
473 4292 509 4356 5:
530 4227 674 4380 Aloydpp
694 4291 829 4380 μὲνγὰρ
851 4288 973 4369 εἰκότως
993 4288 1149 4374 ἀθεότητα
1170 4288 1271 4355 ἐνεκό-
