2768 4770
366 236 426 307 οε
446 238 590 318 anuo.
611 238 799 311 comeso.
819 242 927 330 arr.
947 242 1094 343 etrum.
1268 248 1310 321 τι

101 412 104 417 ’
132 434 201 498 year
220 407 258 475 τὸ
278 403 531 475 ἀνεπιδάνειστον.
573 409 732 496 Καμιρδεῒ
749 405 845 475 αὐτὸν
866 411 1061 496 Κρατῖνος
1080 411 1141 479 καὶ
1164 406 1211 488 ὥς
1234 407 1312 477 Φώ-

134 520 208 561 uno
236 502 397 604 ηαναῒκα
422 490 684 576 μοιχεύσαντα
711 497 776 558 καὶ
803 496 893 580 τρέα
922 493 1093 559 τάλαντα
1114 493 1235 560 δόντα
1257 500 1312 572 εἰς

131 580 181 649 τὸ
200 605 251 663 μη
273 582 467 663 κριθῆναι.
496 577 579 652 Quod
607 579 634 643 si
655 586 736 643 recte
757 601 848 668 supra
870 580 982 644 conieci
1002 582 1079 645 hanc
1099 581 1229 646 fabulam
1251 603 1311 645 non

132 665 229 733 murto
254 670 323 752 post
343 663 461 752 Olymp.
482 662 640 728 LXXXII.
661 667 693 729 3.
721 663 819 728 datam
846 685 929 746 esse,
967 687 1051 749 quam
1073 667 1216 730 rationem
1238 688 1311 729 saue

133 748 308 838 efflagitare
335 747 474 812 videntur
493 748 538 812 illi
560 769 666 812 versus
689 747 738 811 ubi
762 747 916 813 Cimonem
939 750 1067 837 appellat
1093 746 1201 813 πάντ’
1231 748 1311 836 ἄρι-

132 858 212 900 στον
236 838 298 897 τῶν
327 831 386 919 πρὸ
412 838 484 910 τοῦ,
523 833 598 896 haec
623 832 660 896 de
688 831 787 898 Callia
814 831 973 921 Hipponici
996 835 1074 915 filio,
1120 836 1151 899 ui
1177 834 1310 901 Socratis

132 920 195 986 fuit
214 917 362 1003 aequalis,
383 939 505 1006 prorsus
527 938 587 980 non
608 922 791 1004 congruunt:
829 926 861 981 at
881 924 949 981 ante
970 919 1069 982 omnia
1090 857 1162 983 idun
1184 927 1230 984 est
1251 942 1310 983 non

131 1003 218 1105 παρ’
261 1002 362 1084 ndum,
383 1002 457 1086 quod
479 1022 541 1066 non
562 1001 852 1066 necesseestomnia
866 1002 903 1066 ad
925 1024 1012 1066 unam
1034 1004 1213 1089 eandemque
1236 1003 1310 1069 Cra·

132 1090 192 1155 rim
238 1085 354 1151 abdiam
379 1087 503 1151 referre.
551 1084 764 1151 Memoraverit
790 1108 862 1150 sane
889 1087 921 1150 in
952 1086 1140 1152 Archilochia
1169 1086 1309 1155 Cratinus

132 1172 265 1240 Calliam
287 1170 428 1256 aliquem,
462 1170 622 1259 Hipponici
650 1171 757 1252 filium,
791 1171 900 1235 dixerit
926 1170 957 1234 iu
980 1172 1039 1236 alia
1059 1173 1160 1236 fabula
1182 1171 1308 1237 Calliam

134 1279 208 1323 aare
228 1256 327 1321 alieno
347 1256 480 1320 obrutum
503 1276 589 1338 esse,
628 1255 722 1319 cidem
743 1256 884 1320 obiecerit
903 1256 935 1320 in
957 1256 1016 1320 alia
1037 1258 1201 1338 concordia,
1232 1259 1308 1343 quud

133 1341 232 1407 Phoci
252 1362 376 1405 uxorem
396 1341 553 1405 violaverit
580 1347 610 1404 et
638 1340 747 1404 divitiis
775 1341 883 1404 iudicia
904 1343 1075 1429 corruperit.
1124 1342 1208 1406 Nihil
1229 1344 1307 1406 enim

134 1426 217 1492 aiiud
238 1425 307 1490 iicet
327 1426 401 1490 satis
423 1434 503 1490 certo
531 1424 568 1488 ad
590 1423 786 1489 Archilochus
806 1426 937 1507 referre,
973 1447 1058 1511 quam
1105 1427 1160 1491 uod
1202 1428 1307 1491 rimum

132 1510 264 1599 iegitur,
287 1508 413 1576 Calliam
435 1531 502 1574 esse
524 1509 683 1597 IIipponici
704 1509 810 1574 filium:
839 1510 896 1573 suit
916 1517 1011 1574 autem
1035 1447 1147 1575 Cadius
1169 1449 1235 1592 iiie,
1258 1510 1307 1598 qui

132 1592 364 1670 λακνέπλοοτος
390 1596 562 1674 vocabatur,
596 1595 645 1678 qui
671 1597 779 1658 missus
807 1600 853 1658 est
879 1594 995 1682 legatus
1017 1595 1055 1658 ad
1076 1595 1236 1659 Persarum
1258 1619 1306 1661 re-

132 1700 205 1768 gem
225 1700 384 1768 pacemque
405 1679 646 1743 commodissimis
669 1679 884 1742 conditionibus
906 1680 1090 1760 conciliavit,
1123 1680 1175 1743 sud
1200 1683 1233 1745 iu
1258 1682 1305 1745 ius

132 1771 275 1845 vocatus,
295 1763 429 1849 qnoniam
452 1764 537 1827 donis
560 1785 579 1826 a
601 1783 674 1847 rege
695 1770 848 1849 corruptus
870 1784 938 1826 esse
960 1764 1152 1850 arguebatur:
1198 1767 1305 1829 iactum

133 1856 236 1915 antem
267 1848 323 1913 hoc
349 1849 484 1913 estsere
517 1868 552 1910 eo
583 1846 648 1932 ipso
676 1852 822 1933 tempore,
865 1867 921 1931 quo
949 1846 1056 1912 Cimon
1087 1858 1217 1913 mortuus
1249 1857 1305 1913 est.

132 1933 292 1999 Diodorus
311 1930 371 1999 Sic.
386 1932 456 1998 XII.
468 1931 503 1996 4:
520 1926 781 1993 Ὑσακουσάντων
793 1931 827 1993 δέ
838 1929 1079 2013 ercammarus
1089 1936 1138 1994 καὶ
1162 1930 1305 2013 πεμψάν-

134 2041 203 2082 των
222 2015 360 2102 πρέσβεις
379 2013 624 2099 αὐτοκράτορας,
656 2005 700 2078 ὧν
721 2012 818 2100 ἡγεῖτο
833 2017 981 2091 ΙΚαλλίας
1002 2010 1219 2098 ὃἼττιιονιίιοο,
1241 2019 1305 2100 dyd-

134 2126 228 2167 νοντο
256 2106 407 2184 συνθῆκαι
435 2104 501 2187 περὶ
528 2107 582 2183 τῆς
604 2097 723 2186 εἰρήνης
748 2109 812 2176 τοῖς
830 2098 1005 2182 Ἀθηναίοις
1026 2104 1076 2163 καὶ
1098 2112 1161 2177 τοῖς
1182 2101 1303 2182 συμμά-

127 2211 202 2270 χοις
222 2186 300 2271 πρὸς
317 2186 390 2263 τοὺς
410 2187 554 2271 Πέρσας,
576 2174 619 2248 ὧν
641 2188 704 2250 ἐστι
725 2185 765 2250 τὰ
794 2183 947 2271 κεφάλαια
973 2191 1073 2249 ταῦτα
1098 2224 1141 2235 -
1168 2192 1305 2251 συντελε-

129 2276 270 2337 σθεισῶν
290 2271 324 2335 δὲ
344 2276 405 2335 τῶν
426 2273 566 2335 σπονδῶν
582 2269 742 2353 Ἀθηναῖοι
764 2269 820 2346 τὰς
842 2267 984 2352 δυνάμεις
1005 2267 1162 2355 σἰνιιῆγαηον
1188 2275 1221 2336 ἐκ
1247 2278 1302 2353 τῆς

129 2354 283 2442 Κύπρου,
304 2356 450 2442 λαμπρὰν
469 2357 525 2437 μέν
546 2357 630 2436 νίκην
651 2353 847 2436 νενικηκότες,
869 2352 1111 2440 έπιηανεστάτας
1131 2357 1165 2420 δέ
1185 2354 1303 2439 συνθη-

129 2466 189 2518 κας
215 2441 423 2524 πεποιημένοι.
449 2441 561 2522 συνέβη
583 2441 617 2503 δέ
636 2438 689 2503 τὸν
710 2441 842 2521 Κίμωνα
869 2442 935 2527 περὶ
957 2440 1013 2521 τὴν
1039 2437 1164 2525 Κύπρον
1186 2444 1303 2525 διατρέ-

128 2532 232 2609 βοντα
259 2524 340 2614 νόσῳ
370 2531 556 2609 τελευτῆσαι.
606 2523 785 2609 Quamquam
819 2525 892 2589 haec
925 2525 1078 2590 admodum
1106 2526 1245 2613 arribigua
1273 2542 1303 2589 ut

131 2612 224 2677 dubia
249 2620 327 2676 sunt
369 2610 450 2676 Idem
477 2618 544 2699 post
568 2608 796 2673 Lacedaemona
824 2609 940 2697 legatus
966 2611 1074 2674 missus
1101 2610 1204 2674 loedus
1233 2633 1301 2674 con-

130 2696 262 2778 ciliavit,
292 2696 353 2760 vid.
381 2695 505 2761 Diodor.
532 2694 602 2760 XII.
628 2697 665 2759 7:
708 2692 851 2768 Σαονδὰς
878 2693 908 2757 d'
938 2695 1085 2777 dnor'rpnorr
1110 2696 1302 2779 τριακονταέ-

129 2804 209 2861 τεις,
239 2782 382 2845 Καλλίου
408 2783 458 2844 καὶ
485 2776 633 2861 Χάρητος
653 2779 847 2858 συνθεμένων
871 2781 923 2842 καὶ
949 2776 1005 2860 την
1029 2775 1149 2863 εἰρήνην
1168 2786 1302 2860 βεβαιω-

131 2864 262 2931 σάντων.
305 2865 334 2930 Ie
375 2865 464 2930 tionis
506 2866 631 2953 articeps
652 2864 709 2928 suit
730 2864 817 2928 etiam
838 2862 1025 2945 Andocides,
1068 2866 1194 2928 oratoris
1216 2888 1300 2946 arus,

132 2952 192 3016 rid.
216 2949 332 3015 Andoci
353 2973 399 3015 em
418 2951 468 3036 qui
485 2887 608 3030 dicitur,
637 2948 673 3011 de
688 2969 760 3036 pace
780 2950 811 3013 7.
832 2947 1012 3012 Aeschinem
1034 2949 1070 3012 de
1092 2950 1169 3013 salsa
1189 2951 1300 3037 Legat.

135 3036 206 3102 179.
249 3034 311 3100 Sed
333 3056 407 3121 quae
428 3036 464 3100 de
485 3035 542 3098 hoc
563 3032 661 3099 Callia
681 3040 861 3114 narrantur,
882 3032 1016 3098 difficilia
1035 3042 1105 3098 sunt
1125 3034 1301 3118 multumque

136 3119 192 3185 cibi
211 3142 283 3185 reu
329 3127 395 3184 ant:
438 3120 474 3183 de
496 3120 542 3182 his
570 3119 663 3206 igitur
690 3117 748 3182 aIio
778 3117 842 3182 Ioco
870 3117 995 3182 dicetur:
1038 3118 1110 3183 illud
1132 3126 1229 3182 tamen
1250 3140 1300 3207 ap-

137 3212 219 3291 paret
238 3141 365 3272 daiiiirm
387 3225 422 3267 en
443 3212 589 3306 tempore,
624 3223 679 3288 quo
700 3202 775 3266 haec
801 3201 903 3267 fabula
931 3202 1000 3266 data
1027 3209 1091 3283 est,
1126 3204 1219 3266 virum
1241 3204 1300 3267 cla-

86 3360 88 3365 ,
139 3308 201 3353 rum
219 3297 259 3367 et,
269 3291 359 3354 rebus
388 3290 482 3389 gestis
504 3288 653 3373 insignem
673 3286 783 3366 fuisse,
820 3287 862 3349 ita
884 3294 916 3349 ut
938 3285 1079 3353 Cratinus
1100 3310 1166 3351 eum
1187 3289 1219 3350 in
1240 3287 1301 3352 Ar·-

144 3370 274 3439 cbiIochis
302 3382 452 3438 nutavisse
479 3374 625 3437 videatur:
670 3393 708 3434 ex
730 3369 918 3434 Archilochia
940 3379 1035 3435 autem
1057 3372 1216 3436 scholiasta
1235 3372 1301 3436 Lu·

86 3460 93 3531 t
148 3454 215 3521 ciani
233 3459 308 3523 nihil
328 3460 443 3546 profert
463 3458 522 3522 nisi
541 3457 612 3536 hoc,
639 3456 799 3543 Hipponici
821 3454 911 3519 filium
932 3455 1041 3520 fuisse:
1086 3465 1183 3520 cetera
1205 3465 1300 3522 auem

86 3526 92 3623 i
148 3544 175 3600 tlt
195 3543 231 3609 ad
256 3545 379 3609 eandem
406 3542 536 3607 fabulam
563 3542 726 3604 luseramus
755 3540 829 3604 nihil
856 3560 979 3604 necesse
1005 3548 1059 3605 est.
1103 3540 1165 3605 Sed
1186 3543 1300 3626 quaeri-

86 3638 89 3695 ἶ
147 3623 187 3684 ¹¹11
208 3648 291 3712 quem
318 3627 443 3693 Calliam
475 3634 611 3710 tanquam
638 3628 819 3707 στιγματίαν
846 3626 1000 3689 versaverit
1027 3625 1183 3706 Cratinum
1228 3648 1301 3711 ηιιιιο

144 3718 196 3771 7οι
217 3713 243 3776 εἰ
262 3713 305 3777 ita
326 3711 502 3799 explicanda
523 3717 584 3789 est,
619 3711 660 3773 uti
682 3711 776 3773 visum
798 3709 952 3796 interpreti
972 3711 1115 3791 Luciaui,
1143 3733 1188 3773 nm
1201 3733 1237 3773 ue
1258 3713 1302 3775 sic

138 3792 165 3848 “I
185 3797 293 3885 vulgo,
328 3796 364 3860 de
393 3797 511 3859 homine
539 3796 587 3878 qui
608 3795 733 3881 ignicrbiii
778 3815 867 3857 encre
888 3793 944 3858 Iuit
965 3795 1106 3859 oriundus
1128 3734 1301 3881 expiicauda

130 3878 189 3954 ⁰⁸8,
215 3881 242 3944 id
252 3881 438 3970 opprobrium
450 3881 648 3944 videtursane
663 3878 738 3943 adC
780 3880 838 3943 iam
859 3879 1002 3944 iuniorem
1014 3882 1202 3944 reserandum
1223 3902 1300 3959 esse,

123 3962 222 4029 iueln
245 3967 339 4055 potuit
364 3963 505 4030 Cratinus
537 3972 681 4048 tamquam
709 3963 857 4026 hominem
879 3965 1034 4052 prodigum
1063 3971 1091 4028 et
1113 3987 1181 4028 aere
1203 3965 1300 4028 olierm

116 4029 268 4114 0έΗῚιτοοι
288 4072 414 4114 vexare:
442 4049 558 4113 videtur
579 4056 674 4112 autem
693 4046 805 4112 Callias
826 4048 877 4112 ille
899 4051 956 4113 iam
978 4058 1045 4112 ante
1086 4050 1159 4113 atris
1180 4058 1301 4113 mortem

107 4122 273 4223 'ingram
296 4135 353 4198 vim
380 4134 459 4198 aeris
487 4134 576 4198 aliem
598 4133 789 4197 conflavisse:
832 4141 906 4214 ναῖοι
931 4142 1027 4198 autem
1049 4071 1232 4221 Iiipponicus
1254 4154 1302 4197 cc-

105 4201 212 4275 ⁸¹d1t
230 4220 261 4284 in
291 4218 404 4308 proelio
426 4219 461 4282 ad
485 4218 603 4282 Delium
625 4216 797 4281 LXXXIX.
819 4155 853 4282 I:
898 4215 1011 4282 Callias
1039 4227 1135 4282 autem
1165 4227 1302 4306 paterno-

100 4288 204 4360 ΨΜ
221 4300 364 4371 bonorum
384 4323 502 4392 compos
523 4304 619 4368 factus
640 4303 725 4369 brevi
757 4321 854 4367 annea
875 4322 946 4377 opes
968 4303 1140 4368 dilaceravit
1161 4310 1191 4367 et
1212 4323 1302 4389 gran-
