2768 4770
273 216 332 284 DE
356 217 497 295 anolo.
518 216 707 286 COMOED.
726 218 833 288 ATT.
853 221 999 297 ANTIQ-
1147 226 1212 290 267

72 381 196 452 lratinns
223 387 316 474 igitur
340 386 453 451 ludicra
472 386 524 452 illa
545 394 575 452 et
594 386 717 452 ioculari
738 387 907 471 comoedia,
933 411 1008 475 quae
1028 398 1097 456 ante
1117 378 1217 459 floruit

72 471 223 554 rAttica,
250 478 365 559 spreta,
391 472 479 537 altius
500 474 619 536 sustulit
639 481 731 538 mtem
752 481 838 558 atque
859 495 974 539 omnem
994 496 1092 541 rernm
1114 478 1217 543 buma-

72 577 156 621 arum
183 563 213 620 et
239 557 404 621 divinarum
432 556 492 622 vim
518 562 548 621 et
573 557 716 623 infinitam
743 579 838 646 paene
870 560 1019 624 maurium
1046 561 1215 650 complexus

72 647 113 724 st,
145 662 231 726 quam
258 643 290 705 in
316 641 425 705 fabulis
446 641 530 726 quasi
550 643 605 706 sub
631 641 768 707 iudicium
796 643 932 708 mitteret.
975 642 1081 709 Crates
1107 653 1215 729 autem,

72 728 98 789 oi
122 747 234 813 magna
254 732 319 791 erat
339 747 450 789 morum
471 725 602 807 lenitate,
624 726 716 790 ardua
736 727 788 792 illa
809 734 838 791 et
853 727 979 810 difficili,
1004 749 1089 813 qoam
1110 750 1215 818 aperu-

72 816 115 875 rat
136 818 168 874 et
188 812 333 875 munierat
354 809 505 892 Cratinus,
526 811 575 874 via
594 811 708 892 relicta,
728 812 827 875 tritum
849 813 945 900 magis
968 819 997 876 et
1011 813 1137 901 vulgare
1157 816 1217 880 iter

72 901 169 959 acutus
196 902 256 960 est:
287 916 382 980 neque
408 895 485 959 enim
512 895 659 960 sustinere
685 897 795 983 potuit,
827 902 908 960 tanta
934 898 995 961 oris
1022 898 1158 964 libertate
1185 907 1216 965 et

72 980 176 1044 rdacia
223 979 406 1065 erstringere
431 979 529 1043 omnia
558 985 643 1064 atque
670 1002 807 1044 censere:
837 987 867 1044 et
892 981 1060 1070 desperavit
1086 983 1215 1050 fortasse

72 1087 77 1124 ι
103 1000 245 1148 aequales
267 1067 391 1128 comicos
413 1071 464 1127 aut
484 1084 624 1153 superare
645 1073 695 1128 aut
716 1086 842 1151 aequare
863 1086 959 1152 posse.
982 1066 1081 1139 Quare
1094 1064 1213 1151 Crates,

72 1148 105 1213 si
129 1148 225 1213 serius
248 1148 286 1214 ad
306 1149 422 1213 fabulas
444 1149 615 1213 scribendas
637 1150 763 1214 animum
786 1150 933 1250 applicuit,
954 1171 1040 1235 quam
1062 1149 1214 1235 Cratinus,

72 1233 171 1321 opius
192 1241 288 1297 tamen
311 1233 347 1297 ad
370 1233 563 1381 antipuiorum
579 1241 728 1323 poetarum
751 1235 969 1300 similitudinem
991 1238 1124 1301 accessit
1144 1238 1214 1302 Non

72 1339 149 1381 men
177 1318 256 1382 exile
282 1318 354 1382 illud
382 1327 412 1381 et
450 1318 578 1405 rigidum
612 1319 727 1383 iocandi
761 1341 873 1407 genus,
906 1340 962 1404 quo
988 1320 1102 1407 priores
1129 1329 1215 1387 erant

72 1402 115 1484 ri,
139 1403 300 1466 aemulatus
322 1409 382 1484 est,
404 1402 457 1467 sed
478 1424 556 1466 nova
576 1404 717 1502 quaedam
738 1404 918 1468 incrementa
939 1405 1129 1489 conquisivit„
1151 1409 1215 1492 qni·

72 1508 101 1551 rs
125 1488 264 1551 musicam
287 1494 377 1551 artem
400 1494 520 1557 ornaret
540 1494 570 1551 et
589 1487 760 1552 illustraret.
804 1487 910 1554 Crates
928 1489 1021 1577 igitur
1042 1510 1214 1577 quamquam

72 1571 151 1635 nnia
171 1572 339 1658 plerumque
361 1578 390 1634 et
417 1572 494 1635 levia
520 1573 656 1636 tractavit
677 1580 868 1660 argumenta,
896 1579 993 1637 tamen
1021 1595 1075 1663 pro
1096 1575 1213 1663 ingenii

71 1663 183 1721 »emate
210 1663 240 1720 et
264 1657 458 1737 dexteritate,
491 1656 638 1742 singulari
663 1656 764 1744 lepore
792 1665 821 1720 et
846 1657 945 1743 gratia
974 1658 1027 1722 illa
1058 1661 1215 1726 exornavit

72 1761 215 1829 agnaque
246 1749 309 1804 arte
336 1740 452 1804 fabulas
482 1740 654 1828 perpolivit,
686 1748 719 1805 ut
745 1739 852 1828 populo
877 1740 1056 1806 Atheniensi
1087 1744 1214 1809 maxime

72 1826 178 1890 unium
203 1826 385 1913 probaretur.
421 1825 524 1909 Neque
553 1824 716 1888 mirandum
738 1831 784 1888 est
805 1823 955 1889 Cratetem
980 1826 1059 1888 inter
1085 1848 1213 1893 summos

72 1917 154 1977 oetas
171 1910 264 1974 locum
275 1911 331 1974 sibi
347 1909 510 1998 aperuisse,
532 1909 713 1996 egregieque
724 1907 958 1973 Atheniensibus
971 1909 1127 1996 placuisse,
1149 1932 1214 1978 cum

72 2017 76 2060 :
96 1994 145 2059 illl
166 1994 241 2059 nihil
260 2016 308 2059 ma
331 1990 357 2058 's
370 1994 585 2058 admirarentur
599 2014 684 2079 quam
696 2014 770 2078 qnae
791 2001 893 2058 essent
912 1992 1011 2082 lepida
1032 2001 1062 2058 et
1077 2005 1214 2079 venusto,

72 2077 226 2146 :Cratetis
247 2078 317 2144 labu
330 2101 365 2142 ae
386 2079 482 2143 minus
503 2077 676 2143 recederent
697 2079 733 2142 ab
755 2078 875 2164 antiqua
896 2084 926 2142 et
945 2079 1079 2169 populari
1098 2101 1214 2146 comoe-

72 2170 164 2230 iarum
190 2163 415 2245 consuetudine,
443 2163 485 2226 ita
512 2169 544 2226 ut
569 2163 607 2228 ad
627 2162 712 2250 vulgi
738 2183 773 2227 ca
792 2169 852 2227 tom
879 2170 980 2227 essent
1005 2163 1214 2267 multomagis

72 2248 298 2329 :commodatam
326 2270 411 2334 quam
433 2247 565 2329 Cratini,
595 2250 644 2333 qui
671 2268 735 2312 cum
761 2184 888 2336 plurimo
913 2249 1085 2314 revovisset
1110 2256 1141 2314 et
1167 2269 1215 2315 m·

119 2355 167 2398 em
188 2333 360 2420 dignitatem
383 2333 614 2420 gravitatemque
635 2332 853 2396 conciliavisset
881 2333 1064 2415 comoediae,
1096 2337 1215 2423 paucio·

73 2354 131 2487 dds
154 2418 208 2483 sed
236 2417 472 2506 prudentissimis
499 2417 637 2505 probatus
658 2416 784 2480 videtur.
826 2416 888 2480 Sed
910 2416 1040 2485 Cratetis
1060 2419 1215 2506 ingenium

72 2504 271 2589 malarumque
292 2503 419 2592 speciem
439 2501 650 2589 Aristophanis
672 2500 704 2564 in
725 2499 827 2565 eadem
847 2502 986 2588 parabaei
1006 2503 1151 2568 illustrat:

138 2612 215 2688 Olor
236 2611 270 2676 δὲ
288 2608 415 2695 Κράτης
436 2608 530 2696 ὀργάς
550 2606 638 2690 ὑμῶν
657 2607 797 2693 ήνὲσχετο
818 2611 869 2674 καὶ
891 2609 1129 2698 στυφελιγμούς,

124 2695 184 2772 Ὃς
204 2695 265 2785 άπὸ
286 2701 418 2780 σμικρᾶς
438 2692 577 2778 δαπάνης
596 2690 678 2776 ῧμᾶς
698 2693 859 2782 ἀριστίζων
879 2690 1045 2776 άπάπεμπε,
1074 2758 1078 2767 ,

129 2779 205 2846 Ἀπὸ
226 2775 442 2866 κραμβοτάτου
465 2774 619 2862 στὸματος
637 2777 761 2860 μάττων
782 2775 981 2858 ἀστειοτάτας
1001 2781 1146 2859 ἐπινοίας.

133 2855 259 2943 Χοῦτος
284 2865 387 2947 μέντοι
416 2861 511 2947 μάνος
536 2863 691 2950 ἀντήρκει,
732 2864 802 2929 τοτὲ
826 2850 1042 3011 primoplastos,
1084 2866 1154 2932 τοτέ
1181 2863 1212 2932 δ’

72 3035 229 3127 ιρὶάίοοίοιο
251 3035 340 3184 lfipidi
361 3041 464 3123 poetae
485 3054 583 3098 mores
603 3031 696 3099 oculis
717 2973 994 3098 subiiciendlhdem
1014 3035 1047 3098 in
1067 3034 1216 3099 Thesmo-

72 3121 234 3188 horiazusis
306 3118 359 3183 Fr.
376 3119 448 3187 XIV
468 3116 618 3185 Cratetem
639 3118 681 3182 ita
701 3124 921 3198 commemorat,
942 3124 974 3182 ut
994 3117 1110 3183 felicem
1150 3139 1217 3182 roe·

72 3208 128 3272 icet
149 3205 212 3269 eius
235 3211 376 3285 aetatem,
403 3225 460 3289 qua
487 3208 653 3291 spectantes
674 3201 757 3268 mins
779 3200 951 3285 quibusdam
976 3206 1007 3266 et
1027 3139 1158 3292 saepelr

72 3291 154 3358 acetis
177 3290 249 3354 iocis
272 3289 344 3353 satis
365 3289 477 3352 fuerint
497 3287 640 3351 contenti:

127 3383 176 3454 Ἦ
191 3389 268 3473 με’γα
289 3414 317 3453 τι
339 3387 444 3472 βρῶμ’
470 3389 550 3452 ἐστὶν
571 3384 590 3470 ή
612 3376 965 3472 τρυγῳδοποιομουσική,

130 3472 239 3539 ‘Halae
261 3469 403 3559 Κράτητά
422 3496 454 3536 τε
474 3469 599 3554 τάριχος
621 3468 814 3557 ἐλεφάντινον

133 3558 295 3642 Λαμπρὸν
316 3556 449 3637 ἐκόμιζεν
470 3555 590 3633 άπάναις
611 3551 893 3642 παραβεβλήμὲνον,

127 3643 224 3710 ’Allo
245 3669 276 3709 τε
298 3641 422 3708 τοιαῦθ’
448 3641 534 3726 ἕτερα
555 3641 644 3727 μυρί’
669 3642 840 3724 largicione.
980 3712 983 3716 .
1029 3711 1033 3720 Ι

74 3761 129 3820 unt
148 3755 222 3817 haec
244 3773 283 3818 en
304 3751 426 3841 stropha
448 3750 496 3814 rol
516 3752 699 3839 antistropha
719 3746 873 3851 parabasis
889 3750 996 3838 petita,
1016 3750 1048 3814 iu
1069 3770 1130 3835 que
1143 3748 1216 3813 Ari·

72 3841 209 3928 *ophanes
222 3839 337 3902 videtur
357 3845 518 3900 ceterarum
540 3837 714 3900 comicorum
735 3835 833 3898 studia
853 3841 884 3907 et
903 3835 1047 3899 rationem
1069 3833 1216 3921 attigisse,

72 3933 79 3989 t
100 3946 175 4011 quae
197 3924 377 4008 adignitate
398 3921 593 3986 abhorrerent
612 3921 721 4009 poesis,
742 3919 980 4008 reprehendisse.
1001 3919 1070 3990 lluc
1089 3919 1218 4009 pertinet

72 4011 137 4074 tiam
159 4007 213 4072 Fr.
234 4007 305 4075 XV:

133 4105 227 4187 Μήτι
248 4104 385 4183 Μοάσας
406 4105 567 4171 άνακαλιῖν
587 4102 869 4190 ἓλικοβοστράχους,

133 4191 227 4275 Μήτι
246 4189 375 4276 χάριτας
395 4198 475 4272 βοᾶν
495 4194 537 4267 εἷς
555 4190 650 4274 χορὸν
666 4191 853 4269 Ὀλυμπίοις·

129 4274 269 4342 ‘Erotos
289 4277 348 4363 γάρ
370 4279 459 4354 εἰσιν,
481 4274 638 4361 rig-pocta
658 4273 675 4340 h
698 4268 893 4350 διδάσκαλος.
950 4347 952 4352 ,

1159 3201 1294 3271 aud·
