2768 4770
284 213 343 282 DE
364 212 1010 294 nunno.contouu.snn.tu'r1o

55 381 228 463 Scholiasta
238 382 449 472 Aristophanis
470 382 570 451 Nnhh.
590 405 620 449 v.
640 385 684 453 96
705 383 805 466 affert,
826 391 859 450 ut
879 385 1060 452 demonstret
1080 387 1234 458 Socratem

10 514 13 521 -
56 471 96 536 ah
117 467 265 558 Eupolide
292 469 379 534 etiam
412 468 552 557 gravius,
583 490 668 554 quam
694 471 732 534 ah
754 467 957 561 Aristophane
983 482 1122 539 vexatum
1149 495 1232 542 esset

10 528 15 633 l
49 552 186 618 Ἔπειτα
206 549 358 630 Εόπολις,
387 555 412 617 εἷ
437 555 490 617 ’καλ
517 553 560 618 δι’
591 555 700 636 ὀλίγων
728 550 868 638 ἐμνήσθη
890 554 1090 640 Σωκράτους,
1116 564 1235 640 μᾶλλον

10 640 22 753 γ’
55 637 78 724 ἢ
102 633 327 723 Ἀριστοφάνης
353 639 386 703 ἓν
413 635 498 715 ὅλαις
523 645 591 715 ταῖς
618 638 773 724 Νεφέλαις
801 635 898 704 αδτοῦ
925 639 1112 725 καθήψατο·
1146 644 1234 710 οὐδὲν

10 738 25 807 t
56 723 95 793 dd
118 731 223 807 χεῖρον
249 718 489 805 ὑπομνησθῆναι
514 728 576 787 τῶν
598 719 786 800 Εὐπόλιδος·
817 720 992 805 Δεξάμενος
1013 728 1047 791 δὲ
1067 726 1236 815 Σωκράτης

10 808 14 825 ’
55 807 116 893 τὴν
142 808 284 884 ἐπίδειξιν
303 803 496 892 Στησιχόρου
518 804 658 890 οἰνοχόην
678 805 819 890 δ’κλεψεν·
863 803 929 873 οἷον
950 811 981 873 δ’
1005 802 1058 894 ἦν,
1085 808 1162 897 δρᾶν
1182 815 1236 881 τδν

56 887 235 981 φιλόσοφον
259 888 296 956 τδ
322 893 355 956 ἐν
382 897 505 979 φανερῷ
531 889 667 973 μάλιστα
694 898 801 969 σκεῦος
827 897 1042 975 κατακείμενον
1067 897 1236 966 κλέπτοντα

56 972 376 1137 καδὶδὲοῡρηρργὲρρηνςον.
410 986 440 1042 et
460 999 489 1044 v.
511 977 587 1043 179:
607 973 737 1059 Ὅμοιον
762 983 806 1068 τῷ
832 973 894 1045 tut
914 976 1088 1060 Εὐπόλιδος
1109 981 1235 1071 ῥηθέντι
1346 1061 1348 1066 ,

54 1086 116 1149 ’περ
145 1085 339 1253 Στησριχόρου
359 1145 437 1231 πρός
457 1145 512 1229 τὴν
532 1141 630 1232 λόραν

10 1242 13 1247 ’
152 1233 301 1315 Οἰνοχοην
322 1227 456 1312 ἔκλεψεν.

52 1315 130 1384 Ηοο
149 1315 161 1380 i
185 1316 244 1380 'tur
263 1316 348 1381 modo
371 1316 477 1380 chorus
499 1313 681 1380 adulatorum
703 1313 740 1380 de
761 1313 885 1382 Socrate
906 1317 1020 1385 locutus
1042 1326 1120 1386 erat-2

58 1474 62 1481 ,
146 1337 321 1482 δδξάμενος
342 1399 376 1466 δὲ
395 1396 564 1486 Σωκράτης
584 1397 639 1483 τὴν
660 1400 802 1476 ἐπίδειξιν
823 1399 932 1482 atros,

147 1481 341 1570 Στησιχόρου
362 1482 440 1571 πρός
460 1482 516 1566 τὴν
536 1481 635 1569 λόραν
657 1481 796 1567 οἰνοχόην
817 1483 953 1570 ἔκλεψεν.
1262 1544 1264 1548 ,

57 1569 104 1637 Ut
125 1568 164 1634 ad
184 1569 262 1635 hanc
282 1570 464 1660 potissimum
485 1568 616 1635 fabulam
637 1569 693 1634 hos
711 1571 875 1636 versiculos
894 1573 1039 1655 referam,
1060 1592 1120 1638 non
1142 1573 1237 1639 solum

56 1654 149 1722 metri
171 1660 201 1719 et
227 1656 390 1719 sententiae
412 1653 571 1719 similitudo
593 1653 710 1732 suadet,
739 1654 793 1718 sed
814 1656 902 1720 etiam
923 1656 965 1738 id,
987 1656 1062 1743 quod
1084 1659 1237 1746 probabile

56 1745 119 1821 est,
141 1737 280 1827 Eupohn,
301 1740 344 1803 nti
365 1737 615 1826 ceterosphiloso
635 1737 690 1802 hos
712 1736 839 1820 nobiles,
860 1740 909 1823 qui
930 1747 999 1819 tunc
1019 1742 1149 1807 Athenis
1171 1765 1238 1807 ver·

58 1823 223 1905 sahantur,
249 1824 293 1888 sic
314 1824 401 1888 etiam
424 1821 593 1904 Socratem,
616 1760 737 1888 lialline
757 1824 931 1911 praesertim
958 1825 1082 1890 amioum
1102 1835 1133 1891 ot
1152 1828 1239 1891 sami·

57 1907 178 1991 liorem,
198 1915 336 1994 tanquam
358 1908 486 1972 hominis
506 1905 587 1971 illius
610 1906 747 1972 ditissimi
759 1906 939 1992 adulatorem
952 1910 1118 1975 notavisse:
1140 1911 1182 1975 ita
1202 1933 1238 1976 ue

58 2013 171 2069 censeo
193 1993 281 2057 etiam
301 1992 374 2057 illud
394 1992 610 2080 fragmentum,
641 1990 719 2140 φιοδ
746 1991 822 2080 apud
845 1991 1085 2083 Olympiodorum
1108 1995 1145 2060 ad
1167 1933 1238 2060 Pla-

58 2077 141 2159 tonis
162 2076 315 2142 Phaedon.
337 2075 379 2142 14
401 2075 492 2166 (apud
514 2074 561 2140 W
583 2082 645 2141 tten
665 2075 730 2141 ach.
751 2096 780 2164 p.
803 2077 878 2162 175)
900 2077 929 2143 le
953 2079 1027 2160 tur,
1055 2079 1095 2145 ad
1115 2079 1238 2145 eandem

24 2212 32 2225 ,.
58 2161 141 2268 hanc
165 2160 307 2226 tabulam
337 2162 501 2250 pertinere:
539 2155 548 2181 ‘
607 2159 667 2249 γὰρ
695 2157 831 2238 Εὔπολις
872 2186 938 2250 φησ
981 2165 1051 2250 περὶ
1083 2169 1140 2230 τοῦ
1167 2166 1239 2230 Σω-

10 2280 29 2357 u
60 2269 249 2395 κρατοδδισῶ
271 2327 303 2394 δ’
328 2327 419 2415 ξ’γωγε
440 2290 610 2415 Σωκράτην
628 2327 684 2394 τδν
703 2328 826 2414 πτωχόν
846 2329 1024 2416 ἀδολέσχην,

140 2411 199 2491 Ὃς
218 2411 317 2479 τάλλα
336 2414 393 2496 μὲν
413 2410 627 2501 πεφρόντικεν,
1027 2482 1030 2489 Δ

144 2494 281 2563 Ὀπόθεν
301 2499 335 2564 δὲ
355 2506 545 2584 καταφαγεῖν
565 2496 646 2579 ἔχοι,
667 2493 780 2561 τοότου
802 2497 1018 2581 κατημέληκεν.

60 2582 106 2650 ita
126 2581 156 2648 le
180 2582 296 2665 endum,
318 2591 484 2672 comparato
505 2582 614 2647 Proclo
635 2582 713 2671 apud
731 2582 896 2648 Ruhnken.
917 2583 956 2647 ad
975 2582 1239 2684 Xenophlllemo-

60 2668 129 2733 rah.
149 2605 179 2733 δ
196 2670 227 2734 2.
265 2668 379 2737 Versus
401 2668 525 2732 dimeter
544 2667 736 2757 interpositus
757 2667 894 2733 versibus
915 2674 1092 2734 tetrametns
1114 2671 1238 2735 catalec-

59 2753 131 2818 ticis
152 2773 213 2817 uon
240 2753 348 2842 poterit
374 2752 536 2817 offensioni
556 2772 644 2834 csse3
671 2752 828 2834 similiter,
856 2760 889 2816 ut
908 2752 1040 2836 videtur,
1068 2753 1143 2819 alius
1172 2757 1237 2841 quis

61 2837 192 2902 comicus
211 2844 300 2927 poeta
320 2838 397 2928 apud
417 2836 591 2902 Bekkerum
612 2837 645 2900 in
665 2835 781 2903 Anecd.
803 2835 845 2902 Τ.
865 2837 890 2902 Ι.
911 2859 941 2927 p.
962 2835 1037 2920 347,
1059 2840 1095 2905 9:

478 2918 626 2985 Γλιῖιττάν
645 2919 681 2985 τό
700 2945 750 2986 σοι

149 3004 288 3070 Δλδωσιν
308 3006 341 3070 ἓν
362 3002 451 3091 δήμῳ
474 3014 579 3091 φορεῖν
599 3010 701 3070 καλῶν
721 2999 820 3090 λόγων
840 3000 955 3081 δείνων,
988 3051 990 3055 r

142 3079 198 3153 Ἧι
215 3087 320 3155 ’πάντα
347 3087 477 3173 κινήσεις
497 3090 603 3175 λόγων.

62 3173 206 3259 Ceterum
226 3175 303 3239 hano
327 3176 510 3265 potissimum
531 3173 727 3240 Adulatorum
748 3172 926 3239 comoediam
946 3170 1063 3238 videtur
1082 3173 1237 3241 Lucienus

60 3260 252 3349 respexisse,
280 3260 386 3345 quiin
413 3260 568 3325 Piscatore
595 3280 621 3324 c.
642 3258 699 3325 2⁵:
741 3260 809 3322 Kal
834 3254 946 3339 πάλαι,
973 3257 1083 3343 iuquit,
1116 3255 1238 3344 ἔχαιρον

55 3340 272 3431 ,Ἀριστοφάνει
293 3346 343 3407 καλ
365 3341 529 3420 Εὐπόλιδι,
550 3339 719 3426 Σωκράτην
740 3343 789 3407 tat
807 3343 956 3431 χλευασίᾳ
977 3339 1167 3427 παράγουσιν
1188 3347 1237 3410 ἐπὶ

60 3428 120 3513 τὴν
141 3425 266 3512 σκηνήν,
287 3431 337 3492 καὶ
351 3430 551 3515 κωμῳδοῦσιν
561 3424 745 3502 ἀλλοκότους
765 3425 849 3502 τινάς
870 3429 938 3511 περλ
953 3424 1049 3491 adrui
1061 3429 1236 3516 κωμφδδας.

148 3511 304 3663 Ειφοδὶδὶο
325 3512 579 3597 llaricammter
604 3511 922 3663 affidfistophanis
944 3509 1068 3597 Equites
1096 3534 1238 3581 summam

61 3598 186 3664 similitu
207 3599 285 3663 inem
310 3598 543 3682 intercessisse,¹
568 3617 608 3663 ex
681 3597 689 3612 ⁰
709 3597 835 3686 tophano
860 3597 927 3686 ipso
956 3617 992 3686 ap
1014 3604 1094 3681 aret,
1129 3599 1178 3685 qui
1204 3601 1238 3665 in

60 3684 201 3783 Nubibus
220 3705 249 3749 v.
270 3684 335 3782 55ss
356 3704 392 3783 eo
419 3681 542 3783 crimine
568 3688 687 3784 accusat
706 3680 898 3783 liupolidem,
925 3618 1011 3768 quod
1022 3682 1101 3750 mala
1120 3683 1237 3770 fraude,

60 3789 137 3855 quae
153 3767 1014 3936 dldreotclllddiglldvrddgrlldoldhluddrlldddhst‘lntossoioc,

150 3941 274 4001 Τοῦτον
295 3937 427 4002 δείλαιον
447 3933 612 4023 κολετρῶσ’
636 3933 683 4001 ἀεὶ
704 3937 756 4001 καλ
776 3932 833 4018 τὴν
851 3931 989 4022 μητέρα·

151 4018 289 4097 Εὔπολις
308 4022 364 4103 μὲν
384 4021 439 4086 τδν
460 4025 612 4107 Μαρικᾶν
631 4015 804 4107 πρώτιστον
823 4019 1033 4105 παρείλκυσεν,

144 4104 339 4190 Ἕκστρόψας
358 4107 431 4183 τοδς
450 4103 617 4194 ἡμετέρους
637 4103 746 4184 λππίας
767 4102 861 4181 κακός
880 4107 991 4183 κακῶς,

148 4193 312 4275 Προοθελς
332 4191 417 4281 αὐτῷ
437 4195 534 4278 γραῦν
553 4187 695 4276 μεδόσην
714 4194 770 4257 τοῦ
791 4185 941 4277 κόρδακος
962 4184 1074 4274 οὕνεχ’,
1094 4184 1133 4274 ἣν

153 4271 309 4364 Φρύνιχος
328 4272 423 4344 πάλαι
444 4273 601 4363 πεποίηχ’,
622 4272 660 4362 ἢν
679 4272 716 4345 τδ
737 4279 828 4361 νῆτος
848 4269 966 4384 δουλων.
