2760 4792
138 199 203 267 384
519 193 922 265 COMMENTATIONES
1052 224 1056 233 ·

225 369 272 432 Ei
291 365 358 449 μέν
380 357 443 431 οὐν
464 364 509 432 σύ
531 363 586 448 τὴν
606 361 768 430 θάλατταν
788 361 906 442 αὐτὸς
925 360 1138 442 ὐποδῶοεις
1157 358 1247 445 iada,

227 455 267 516 Εί
288 453 321 516 δὲ
340 450 391 533 μή
411 475 464 537 γε,
485 454 585 515 ταῦτα
606 446 706 513 πάντα
728 455 928 531 συντριαινῶν
946 446 1101 515 danuam.

143 537 275 626 Neptuni
302 545 397 602 autem
425 536 497 599 haec
523 543 593 599 sont
612 536 720 617 verba,
761 536 812 620 qui
840 556 904 599 cum
925 532 1175 599 Lacedaemoniis
1199 534 1313 619 ίοτοοί,

142 623 343 689 Athenienses
364 621 517 708 imperium
538 620 711 684 maritimum
733 618 880 707 deponere
900 620 991 685 iubet.

227 706 363 771 Platonis
384 727 424 770 ex
445 709 559 769 Fertis
575 707 689 768 diebus
710 704 740 769 lr
811 710 928 786 entum,
949 723 1006 790 quo
1026 701 1200 791 Euripidem
1221 701 1312 769 nimio

144 815 199 859 usu
230 792 346 856 litterae
377 790 523 854 sibilantis
552 810 733 877 magnopere
781 789 934 853 electatum
957 788 1131 875 castigavit,
1163 794 1336 869 semron,

145 889 192 944 est
212 876 287 963 apud
309 875 504 940 Scholiastam
525 873 677 963 Euripidis
698 870 825 938 Medeae
845 872 964 965 mitid:
984 869 1152 952 Πλεονόζει
1173 868 1191 937 δ
1211 873 1315 957 στίχος

145 984 189 1067 τῷ
218 964 251 1041 'a'
274 973 347 1040 ὅθεν
367 976 418 1038 καί
440 973 456 1038 ὁ
477 970 614 1038 Πλάτων
634 975 666 1038 ίν
686 982 755 1049 ταῖς
770 971 911 1057 Ἑορταῖς
932 992 1042 1061 φησιν’

223 1076 364 1154 Ἔσωσας
386 1078 419 1140 ίκ
440 1081 502 1140 τῶν
522 1067 677 1159 σιγρῇτῶν
697 1073 877 1161 Εὐριπίδου.

148 1179 343 1246 scribendum
369 1200 437 1243 essa
464 1178 496 1242 ίκ
518 1181 579 1240 τῶν
606 1177 700 1259 σίγμα
725 1181 788 1241 τῶν
808 1174 978 1260 Εὐριπίδου
1005 1181 1086 1241 reeta
1111 1174 1318 1243 animadvertit

149 1266 318 1346 Pomorum,
340 1264 548 1346 confirmatque
571 1260 794 1327 Choeroboscus
816 1262 848 1325 in
869 1260 1007 1326 Bekkcri
1022 1259 1185 1327 Anecdotis
1206 1258 1251 1327 Τ.
1262 1260 1318 1327 ill.

150 1362 180 1439 p.
202 1350 299 1414 1169:
332 1349 420 1421 Τινὲς
440 1341 779 1431 παραναγιγνώσκουσιν
805 1348 837 1411 ἓν
856 1351 895 1431 τῇ
917 1346 1077 1433 κωμῳδία·
1105 1342 1209 1411 inmoti
1229 1344 1262 1413 π’
1284 1346 1319 1413 ἔτ

150 1440 212 1498 τῶν
233 1428 388 1516 σιγμότων
409 1429 594 1516 Εὐριπίδου·
620 1434 657 1495 τὸ
679 1431 713 1495 δὲ
734 1430 941 1514 ἀληθέστερον
961 1410 1225 1497 κατᾶιδιόοτασεν
1244 1428 1322 1495 ῶνα-

151 1515 342 1604 γινῶσκεται,
386 1511 451 1580 οἷον
477 1513 578 1580 immod
603 1514 635 1580 α’
664 1517 697 1580 ίκ
728 1521 791 1581 τῶν
822 1524 932 1599 οΐγμα,
966 1518 1018 1579 καί
1050 1515 1229 1602 ίπιφίρετοτ
1257 1520 1322 1581 τῶν

152 1603 336 1686 Εὐριπίδου,
364 1602 413 1665 ἱνα
435 1598 547 1683 εὑρέθη
575 1599 611 1664 τό
631 1598 752 1684 όρθρον
779 1597 1012 1685 ἐπιφερόμενον,
1039 1599 1118 1749 tipo>
1137 1600 1173 1665 dd
1190 1598 1230 1667 τό
1249 1604 1321 1667 τῶν.

154 1687 260 1753 Paullo
272 1687 383 1751 auctius
405 1686 461 1750 hoc
471 1687 669 1773 fragmentum
680 1680 796 1751 videtur
806 1684 980 1750 Eustathius
1002 1685 1059 1751 alio
1086 1705 1139 1751 oco
1159 1706 1195 1751 ra
1215 1684 1322 1771 eflusa,

153 1775 196 1837 ita
216 1773 293 1837 enim
316 1771 418 1836 scribit
438 1792 467 1859 p.
486 1772 585 1851 1³79,
606 1773 663 1836 56:
678 1767 748 1835 Ὅτι
769 1770 803 1835 δὲ
824 1767 840 1834 δ
862 1774 917 1835 τοῦ
939 1771 1034 1855 σίγμα
1053 1760 1129 1853 ἦχος
1149 1794 1168 1835 κ
1222 1766 1323 1857 ἄλλος

155 1863 259 1921 λυπεῖν
280 1853 359 1921 οἶδεν
386 1853 533 1939 ἀκρόασιν
554 1852 605 1919 διδ
627 1853 663 1918 τὸ
684 1855 795 1937 συχνὸν
821 1861 878 1919 τοῦ
899 1856 1025 1939 σίγμου,
1057 1852 1104 1920 δτι
1119 1852 1323 1937 mennatum.

155 1939 198 2020 ῶς
218 1944 250 2007 ἓν
276 1948 334 2030 τῷ,
361 1936 463 2006 λ’σιοσδ
483 1940 516 2004 σ’
540 1935 582 2015 ῶς
608 1938 693 2004 ἴσασι
714 1941 765 2003 καί
791 1938 860 2023 ἑξῆς
885 1938 921 2004 τό
943 1944 999 2004 coti
1020 1938 1208 2027 Εὐριπίδου,
1235 1942 1328 2027 optut

156 2047 208 2109 καλ
230 2040 246 2107 ὃ
268 2039 345 2128 πρός
365 2067 431 2106 τινα
454 2043 485 2104 ἐν
506 2042 742 2121 διπλασιασμοΐς
762 2028 860 2105 aad?
884 2040 1073 2120 ἀττικίζοντα
1092 2036 1202 2123 είπῶν,
1228 2030 1324 2121 titud

156 2129 192 2215 γί
217 2153 282 2206 σοι,
314 2125 360 2191 ότι
389 2123 565 2206 ἀπήλλαξας
591 2120 672 2206 ἡμᾶς
698 2130 760 2189 τῶν
785 2122 941 2208 οιγμῶτων
966 2125 1148 2213 Εὐριπίδου.
1189 2132 1223 2193 ei
1246 2126 1351 2211 itin

178 2262 185 2280 .
206 2214 287 2294 813,
308 2210 366 2276 44:
397 2211 510 2285 Αίλιος
530 2210 564 2272 δὲ
585 2205 750 2285 Διονύσιος
778 2210 895 2296 ἱστορεῖ
917 2210 990 2286 τούς
1010 2208 1164 2294 κωμικοδς
1188 2206 1327 2293 pediam

156 2237 300 2362 ίκκλίνειν
320 2301 381 2358 πῶν
400 2294 436 2359 τό
450 2293 520 2376 ἕχον
540 2291 648 2378 σιγμόν
669 2296 719 2357 καί
732 2291 872 2378 ίξήχησιν
893 2299 944 2360 καλ
965 2292 1082 2383 ψόφον,
1102 2292 1125 2361 δ
1144 2300 1183 2383 τῇ
1203 2320 1225 2363 τ

159 2387 211 2470 δίῳ
231 2377 365 2463 μάλιστα
387 2377 425 2444 dv
445 2374 601 2463 cipporum.
639 2379 700 2443 Διὸ
722 2382 774 2443 καί
795 2377 990 2467 διασύροντες
1010 2380 1083 2459 τούς
1102 2320 1328 2466 spopondi&

158 2467 202 2550 μὴ
224 2460 391 2542 τοιοδτους,
412 2466 650 2550 προσπαίζουσιν
670 2466 702 2529 ἔν
713 2470 772 2553 τῷ·
785 2462 1071 2549 ’Έσιοσαςῆμᾶςέκ
1090 2470 1154 2532 τῶν
1172 2462 1328 2553 οιγμδτοπ

160 2551 342 2638 Εὐριπίδου.
362 2558 393 2616 et
411 2571 515 2615 rursus
536 2550 723 2639 paones:
745 2552 810 2614 Kal
831 2548 850 2634 ἡ
874 2552 1019 2639 κωμῳδία
1038 2548 1117 2634 μετὰ
1135 2548 1193 2637 τὴν
1211 2548 1328 2641 &peno

160 2657 215 2735 τῆς
233 2648 370 2738 χρήσεως
395 2657 450 2716 τοῦ
468 2639 490 2715 τ
511 2649 577 2715 ἀντὶ
598 2655 653 2714 soi
672 2638 695 2715 d
715 2652 941 2734 ἐπισημαίνεται
959 2652 1093 2739 χαίρειν,
1123 2648 1168 2730 ῶς
1186 2650 1330 2719 duolio-
1355 2678 1361 2691 ·

160 2747 245 2886 γειὶφα
266 2743 330 2801 σῶν
350 2735 505 2823 σιγμότιον
525 2734 705 2824 Εὐριπίδου.
734 2736 891 2803 Platonem
911 2737 1004 2826 igitur
1024 2739 1066 2804 ita
1085 2738 1152 2805 fero
1171 2737 1329 2829 scripsisse

162 2847 197 2888 ar
216 2825 304 2887 itror:

566 2896 613 2970 Εὐ
634 2904 670 2990 γέ
689 2930 738 2970 σοι
758 2902 892 2990 γένοιθ’,
913 2900 994 2988 ἡμᾶς
1015 2903 1062 2971 δτι
1104 2918 1108 2925 “

240 2987 388 3066 ”Eumene
408 2991 442 3054 ἐκ
462 2994 524 3054 τῶν
545 2999 638 3074 σῖγμα
658 2996 720 3055 τῶν
740 2989 920 3076 Εὐριπίδου.
1269 3066 1272 3071 Ι

164 3099 238 3163 quae
260 3075 374 3161 quidem
397 3075 522 3140 comicus
545 3075 620 3140 dixit
638 3076 671 3140 in
692 3075 832 3160 aliquem,
863 3075 913 3162 qui
933 3075 1064 3141 Atticum
1089 3074 1165 3145 illud
1183 3080 1245 3141 τοῦ
1265 3080 1330 3167 opto

164 3159 876 3332 tucetapsonuntensium
890 3159 1333 3329 teutonicarum

166 3331 293 3396 maxime
309 3353 334 3395 c.
345 3332 377 3411 7,
396 3330 446 3394 ubi
467 3294 590 3394 sibilains
612 3330 710 3395 littera
726 3331 860 3418 graviter
880 3331 917 3395 de
938 3331 1036 3396 littera
1049 3336 1119 3395 Tuo
1132 3326 1332 3419 conqueritis:

162 3413 273 3480 Ὁπότε
299 3416 333 3477 δὲ
359 3417 410 3477 καλ
444 3416 477 3478 ἐκ
503 3411 620 3479 τούτων
650 3412 821 3502 ἀρξάμενον
863 3413 1011 3499 ίτδλμησε
1045 3418 1220 3501 καττίτερον
1244 3416 1334 3481 dnm

167 3503 218 3563 καλ
240 3495 380 3579 κδττομα
401 3501 451 3562 καὶ
474 3501 590 3575 πίτταν,
613 3495 676 3564 εἶτα
694 3496 928 3586 δπερυθριόσαν
949 3502 1001 3564 καὶ
1020 3503 1201 3581 βασίλιτταν
1221 3496 1334 3585 δνομδ·

168 3587 241 3664 ζειν,
266 3584 301 3647 οὐ
323 3585 452 3668 μετρίως
472 3585 520 3648 tut
542 3583 661 3660 τούτοις
682 3581 861 3669 ὐγανακτῶ,
882 3586 933 3649 καὶ
956 3586 1149 3669 πίμπραμαι,
1171 3584 1273 3663 δεδιδς
1291 3582 1334 3669 μὴ

168 3675 212 3756 τῷ
231 3666 332 3754 χρόνῳ
354 3671 405 3731 καλ
427 3667 466 3732 τὰ
487 3674 565 3732 σύκα
586 3675 663 3733 τύκα
684 3694 731 3745 τις
752 3667 889 3755 δνομόσῃ
912 3675 975 3734 κτλ.
1019 3670 1159 3737 Ceterum
1180 3660 1215 3735 εὐ
1254 3670 1337 3737 tun

168 3756 283 3840 γίνοιτο
305 3755 348 3817 ita
369 3753 560 3836 dictumest,
586 3762 619 3819 ut
639 3754 715 3842 apud
735 3754 908 3864 Euripidem
929 3756 962 3820 in
983 3754 1110 3845 Teleph.
1131 3754 1186 3821 Fr.
1207 3694 1284 3835 Χλίί

254 3831 300 3902 Εὐ
323 3840 372 3903 σοὶ
393 3838 527 3923 γίνοιτο·
552 3841 686 3926 Τηλίφῳ
708 3837 829 3923 δ’δγω
850 3846 967 3924 φρονῶ.

254 3939 390 4003 Platonis
412 3961 452 4004 ex
462 3937 646 4028 Cleophonte
666 3940 865 4027 fragmentum
886 3941 915 4005 le
939 3943 997 4004 ’tur
1017 3940 1095 4029 apud
1113 3940 1340 4007 Grmmactcun

171 4024 204 4089 in
223 4023 361 4090 Bekkeri
382 4024 544 4090 Anecdotis
566 4023 608 4090 T.
628 4025 654 4089 Ι.
695 4072 703 4091 .
724 4025 875 4107 418,,25;
902 3961 1037 4091 Niciam
1057 4028 1257 4114 Κλεοφῶντι·

250 4105 335 4173 Ἀλλ’
359 4106 431 4173 οὐτ’
455 4107 569 4195 ὐπαρτλ
590 4045 744 4195 τάλλότρι’
769 4106 883 4193 οἰχήσει
904 4109 1018 4196 φέρων.

172 4193 279 4259 sedin
300 4193 399 4257 codice
420 4193 531 4281 legitur
552 4193 647 4259 αὐτοι
670 4194 830 4301 scripserat
848 4201 951 4284 poetas

250 4275 338 4343 Ἀλλ’
362 4275 479 4356 αὐτὸς
500 4277 614 4367 ὐπαρτλ
635 4277 791 4367 τάλλοτρί
817 4278 930 4367 οἰχήσει
951 4277 1065 4366 φέρων.
