2760 4792
168 225 235 296 aaa
553 190 957 295 commmemonns

170 392 276 477 ὅμοιον
300 391 409 478 τέττιγι
430 393 480 456 κοιλ
501 394 637 480 τιγονλῳ,
669 389 711 471 «te
732 391 929 473 Σπεύσιππος
949 396 1132 482 παρίστησιν
1151 399 1185 465 ἓν
1204 400 1340 488 τετάρτω

171 477 301 561 ὁμοίιον·
341 473 520 559 μνημονεύει
557 477 659 543 αὐτῶν
686 479 852 556 Ἐπίλυκος
889 483 921 545 ἐν
953 483 1158 570 Κωραλίσκῳ.
1201 468 1340 572 quorsurir

168 565 297 655 pertinet
316 564 417 628 Phorii
438 563 541 650 glossa
562 586 590 651 p.
610 565 685 645 592,
697 565 747 642 1¹,
768 566 819 631 ubi
839 566 933 631 falso:
957 567 1146 652 Τιπιγόνιον
1165 569 1340 660 (legendnm

168 646 300 732 τιγάνιον
335 645 441 729 ὅμοιον
470 647 596 731 τέττιγι·
637 647 794 726 Ἐπίλυκος
816 652 1012 737 Kapoutan.
1054 652 1154 740 Atque
1180 655 1224 720 ita
1251 658 1340 723 etiam

169 734 278 801 Suidas
334 781 342 798 .
363 733 386 797 I.
408 754 436 820 p.
458 733 536 798 819:
576 731 750 809 Ἐπίλυκος·
772 735 905 813 κωμικὸς
926 732 1068 819 ποιητής·
1090 744 1152 803 τῶν
1173 737 1340 827 δραμάτων

170 822 233 885 ἐστὶ
255 818 463 902 Κοραλίσκος,
507 813 549 892 ὡς
564 815 738 899 Ἀθήναιος.
782 818 866 884 Ilaec
892 822 993 885 omnia
1020 828 1115 887 autem
1142 823 1180 889 ad
1210 824 1370 919 Atticamq

170 904 324 970 dialectum
346 902 504 966 referenda
525 909 609 982 sunt,
638 904 680 967 uti
702 904 789 968 etiam
809 904 897 982 illua,
919 905 995 991 quod
1016 928 1055 970 ex
1075 909 1141 996 ipsa
1160 908 1217 975 hac
1237 910 1340 975 sabula
1363 924 1367 983 t

169 989 290 1077 petiisse
310 987 426 1052 videtur
446 985 619 1050 Athenaeus
640 987 665 1052 1.
686 1009 715 1076 p.
736 988 779 1053 28
795 988 836 1052 E:
859 992 939 1066 Χῖος
959 992 1011 1054 κοιλ
1034 988 1152 1069 Θάσιος
1169 992 1339 1077 ἠθημένος.

253 1097 316 1161 lam
349 1096 380 1159 in
411 1096 467 1159 hoc
493 1096 660 1182 fragmento
693 1096 878 1163 aertissima
908 1098 1001 1165 dorici
1032 1102 1176 1167 sermonis
1207 1104 1338 1191 vestigia

170 1188 336 1270 supersunt,
358 1180 417 1244 alia
436 1201 508 1243 vero
529 1183 653 1269 turpiter
672 1118 852 1246 obiitterata:
897 1196 926 1247 et
946 1186 1063 1249 numeri
1082 1206 1194 1272 quoque
1212 1185 1237 1251 ii
1257 1202 1337 1270 sunt,

189 1270 219 1331 ui
246 1264 492 1331 Lacedaemoniis
520 1266 646 1329 maxime
674 1266 865 1347 conveniunt,
892 1270 1061 1356 anapaesti,
1091 1268 1195 1356 quibus
1221 1272 1292 1337 iudo
1319 1295 1337 1338 a

201 1352 298 1439 yrtaei
319 1357 448 1437 tempore
470 1350 597 1413 maxime
611 1349 1018 1421 ‚delectabatorDoriensium
1041 1356 1176 1441 gravitas
1198 1376 1234 1421 ac
1253 1376 1339 1421 sevo·

168 1436 262 1501 ritas:
304 1436 415 1522 primus
443 1439 538 1497 antem
559 1454 665 1499 versus
692 1446 738 1500 est
765 1436 982 1523 paroemiam,
1013 1459 1080 1502 nam
1107 1439 1135 1504 is
1160 1440 1204 1504 ibi
1224 1458 1338 1527 quoqne

169 1540 376 1604 nonnunquam
397 1518 559 1605 reperitur,
581 1518 630 1582 ubi
653 1517 799 1585 sententia
819 1521 884 1609 ipsa
905 1521 1033 1586 nondam
1056 1521 1093 1587 ad
1113 1524 1270 1590 terminum
1292 1532 1339 1591 est

168 1605 324 1695 perducta:
347 1602 416 1687 quin
438 1603 524 1666 etiam
545 1603 576 1666 in
598 1600 721 1670 exordio
743 1605 882 1670 carminis
904 1606 941 1670 ali
963 1607 1055 1672 ooties
1077 1608 1114 1672 ab
1135 1606 1338 1697 Aristophane

169 1691 326 1755 collocatus
352 1688 477 1752 videtur.
518 1687 623 1772 Neque
644 1711 716 1755 vcro
738 1690 891 1776 quidquam
913 1626 1102 1756 uuiitatimis
1124 1691 1338 1761 offensionisvc

168 1774 200 1839 in
229 1794 264 1838 eo
292 1780 353 1855 est,
396 1772 471 1858 quod
499 1773 646 1859 spondeus
679 1775 711 1838 in
743 1775 902 1864 penultimo
928 1776 1003 1864 pede
1031 1776 1072 1840 sit
1101 1776 1265 1843 admissw
1304 1776 1337 1845 it

168 1859 261 1949 ipsum
284 1859 361 1922 enim
383 1857 690 1923 convenientissimum
711 1870 758 1924 est
778 1859 871 1924 dorici
892 1868 921 1923 et
948 1861 1094 1925 sermonis
1115 1869 1145 1925 et
1163 1862 1336 1929 harmoniae

169 1943 323 2097 qqavitati:
354 1942 407 2089 'ita
417 1941 587 2091 Il'I'yrtapus
618 1943 651 2008 in
681 1945 850 2035 anapaestis
875 1945 1068 2033 paroemiacis
1100 1947 1176 2037 apud
1206 1946 1337 2015 Dionen

256 2035 326 2092 sest
388 2074 395 2090 .
450 2074 457 2090 .
500 2074 508 2090 .
557 2050 565 2090 ε

217 2052 341 2196 ΙὙλέγετ’
366 2103 391 2175 ὦ
411 2048 559 2193 inuitae
580 2106 730 2196 εὐάνδρου

250 2201 370 2279 Κοῦροι
392 2195 531 2280 πατέρων
551 2201 702 2275 πολιῆται,

251 2284 343 2369 Λοιᾷ
363 2281 419 2361 μὲν
439 2281 505 2343 itur
526 2279 730 2363 προβάλεσθε.

253 2362 341 2449 Δόρυ
364 2363 396 2428 δ’
421 2361 574 2443 εὐτόλμως
594 2361 768 2444 πάλλοντες,

252 2450 312 2532 Μὴ
333 2444 505 2534 φειδόμενοι
525 2455 581 2525 τάς
602 2451 690 2528 ζωᾶς,

257 2534 303 2601 Οὐ
330 2534 388 2619 γὰρ
416 2531 545 2618 πάτριον
569 2541 625 2611 τᾶς
645 2531 802 2621 Σπάρτας.

167 2646 209 2712 Et
238 2665 445 2728 nonnunquam
477 2645 564 2709 etiam
590 2645 684 2711 Attici
708 2653 831 2734 poetae,
873 2644 922 2731 qui
952 2645 1111 2712 itentidem—
1128 2646 1186 2713 hoc
1209 2651 1334 2713 metrum
1377 2678 1379 2689 ·

166 2738 399 2838 usurpaverunt,
421 2730 462 2794 uti
483 2728 699 2839 aristophanes
720 2732 753 2796 in
773 2727 952 2819 Tagenistis
972 2731 1027 2798 Fr.
1047 2731 1138 2798 XIII:

257 2817 334 2880 0δέ
354 2819 434 2877 λυιον
455 2839 559 2877 κυστιν
577 2815 662 2878 veloce

253 2899 418 2983 Κάξιιιρῶν
446 2899 518 2974 roric
544 2894 726 2981 Δαρεικούς.

166 3024 261 3087 neque
282 3021 342 3063 nou
365 2999 466 3064 eadem
494 2999 613 3064 licentia
639 3000 726 3063 etiam
753 2999 785 3064 in
806 3007 974 3066 tetrametro
996 3001 1163 3066 catalectico
1184 3002 1233 3067 usi
1255 3008 1334 3085 sunt,

166 3088 226 3152 vid.
248 3107 321 3171 quae
342 3106 432 3171 supra
453 3085 530 3183 dicta
551 3083 768 3148 scrinioli.
790 3106 814 3149 c.
829 3087 858 3150 1.
891 3085 1060 3185 Sequuntur
1080 3086 1156 3186 apud
1176 3084 1334 3177 Epilycnm

167 3172 224 3237 duo
244 3190 349 3234 versus
371 3169 537 3251 acatalectr,
566 3190 639 3255 quos
665 3190 769 3234 rursus
795 3191 996 3258 paroemracus
1018 3171 1139 3260 excipit:
1170 3171 1231 3237 nisi
1256 3172 1334 3237 ruo

166 3255 519 3422 legengqqlaqkscifflm
540 3335 647 3421 κάρτοι

251 3426 316 3488 Καὶ
339 3418 441 3504 imparia
461 3446 507 3498 τις
526 3420 610 3503 μάλα
633 3426 664 3485 Γ
661 3416 746 3498 anag.

167 3529 231 3592 sive
252 3533 282 3590 tu
305 3525 389 3590 malis
412 3523 499 3588 etiam
519 3529 680 3610 pronomen
700 3522 774 3587 illud
794 3525 840 3598 τλς
862 3523 1004 3603 abiicere3
1032 3524 1161 3589 arbitror
1178 3520 1256 3587 enin
1275 3518 1332 3587 Iros

167 3633 227 3676 non
253 3609 394 3696 vulgares
422 3629 489 3672 esse
516 3614 708 3695 anapaestos,
734 3607 787 3672 sal
814 3627 886 3693 quos
908 3615 1038 3672 doricae
1065 3606 1213 3699 appellare
1238 3604 1360 3689 soleo,'

167 3697 211 3796 <¹0-
225 3716 346 3793 aa
553 3692 1141 3843 ”cncucurtatum
1158 3690 1334 3843 ruo

166 3801 638 3945 BQSAETPJZ‘ZSAEGZZZ,
664 3860 691 3925 P
713 3802 971 3942 xonttiintriilwpaat.
1006 3863 1126 3965 PI'OPIIIS
1145 3826 1200 3927 IIIO
1219 3858 1335 3949 quidm

166 3970 277 4015 avero
304 3949 402 4014 abest:
429 3947 603 4032 omninoque
630 3946 804 4012 Dindortius
831 3947 949 4037 saepius
975 3948 1085 4012 imuna
1111 3947 1199 4012 huius
1225 3942 1334 4011 codicis

166 4035 307 4101 lectiones
335 4032 455 4122 sprevit
502 4033 567 4096 ota
594 4052 716 4119 prorsus
748 4039 778 4096 et
802 4032 956 4097 Laconum
988 4031 1120 4096 sermoni
1151 4038 1182 4097 et
1209 4028 1336 4117 ingenio

167 4120 320 4184 convenit:
343 4139 410 4181 nam
433 4124 463 4181 ut
483 4118 515 4181 in
537 4117 735 4181 Doriensihns
756 4123 802 4182 cst
821 4117 955 4205 ingenua
974 4116 1028 4181 sim
1052 4116 1166 4197 licitas,
1184 4114 1229 4180 ita
1249 4132 1335 4179 snum

166 4205 272 4290 ubique
294 4202 447 4283 indicium,
473 4222 557 4266 suam
584 4203 759 4267 sententiam
786 4202 975 4290 interponere
1001 4138 1120 4267 soient:
1144 4202 1242 4285 itaque
1261 4196 1336 4265 ἰΙΙιιελ

167 4290 223 4355 oio
250 4288 324 4355 satis
345 4307 397 4355 ore
424 4286 523 4353 tritum
545 4291 575 4352 et
601 4286 737 4354 οεὶλιειιιιι
763 4285 821 4354 fuit
839 4285 1103 4371 Lacedaemoniis,
1129 4306 1221 4373 qnare
1246 4285 1336 4353 etiam
