2760 4792
325 245 384 312 DE
406 245 548 321 RELIQ.
569 242 1052 323 consummantum.
1210 254 1273 319 ¹77

60 464 61 469 κ
105 415 189 504 παρὰ
208 413 249 480 τὰ
270 408 440 500 φαινόμενα
462 410 577 498 φυσικὰ
599 406 782 497 πράγματα·
803 408 878 478 ὅθεν
899 415 949 477 καὶ
972 411 1014 493 ὣς
1033 417 1130 501 μηδὲν
1146 415 1222 486 ἄλλο
1242 446 1273 488 τι

104 499 189 584 παρὰ
217 499 257 564 τὰ
278 498 417 581 αἰσθητὰ
443 494 579 577 δοξοίζιον
600 494 691 576 εἶναι,
719 494 815 572 ι’ίθεος
836 495 1000 582 ἐπεκλήθη.
1029 510 1060 566 et
1079 503 1170 569 Ascle
1190 506 1273 573 iades

104 588 190 654 ibid:
214 582 329 660 ’Άθεος
349 579 407 668 yo'p
429 584 524 648 ἐστιν·
553 607 591 648 ου
612 587 688 665 tayo
709 605 768 665 γαρ
791 587 867 646 atto
888 607 916 646 τι
939 580 1013 648 εἶναι
1035 587 1121 670 παρὰ
1141 614 1180 652 ια
1201 616 1274 676 φαι.

103 669 215 753 νόμενα
246 668 362 754 φυσικὰ
388 666 567 753 πράγματα·
610 673 641 731 et
666 666 741 731 alius
769 667 917 757 interpres
943 668 1116 739 Aristotelis
1150 674 1182 739 in
1210 676 1274 744 cod.

103 756 251 823 Laurent.
276 775 342 818 cum
363 753 423 817 alia
448 761 508 817 tum
533 752 608 815 haec
629 751 699 816 dicit
720 751 889 839 Hipponem
910 755 1078 821 censuisse:
1108 755 1200 824 Ἀλλὰ
1221 761 1274 826 διὰ

103 838 159 923 τὴν
184 833 281 903 ἄθεόν
303 862 357 916 τα,
385 834 458 901 θεὸν
483 836 541 920 γὰρ
564 834 601 898 οὗ
628 832 838 919 προεστήσαιο
862 840 923 899 τῶν
952 835 1047 903 ὄντων
1068 842 1271 929 δημιουργόν·

105 923 153 990 διὸ
174 925 227 988 καί
237 863 391 987 hulmum
412 918 489 1008 πρὸς
500 919 595 984 αὐτὸν
606 918 846 1003 (Ἀριστοτέλης)
860 918 952 985 εἰπών
973 923 1024 986 διὰ
1036 923 1092 1006 τὴν
1113 926 1272 994 εὐτέλειαν.

104 1008 146 1074 Ηί
167 1027 272 1096 ponem
300 1012 396 1071 autem
423 1005 460 1070 do
486 1005 601 1069 lehrica
630 1004 731 1068 nundi
764 1006 947 1089 quaesivisse
974 1018 1095 1096 apparet
1120 1014 1208 1079 etiarn
1234 1036 1274 1079 ex

104 1031 274 1160 Scholiasta
293 1090 504 1198 Aristophanis
525 1089 603 1154 Nuh.
625 1091 717 1170 aas,
740 1090 790 1153 uhi
812 1090 888 1174 quod
909 1091 1021 1178 legitur
1040 1093 1076 1157 τὸ
1096 1096 1153 1175 μίν
1173 1098 1275 1162 κοινὸν

103 1183 166 1245 τῶν
187 1172 368 1262 φιλοσόφων
395 1171 538 1239 andovera
564 1168 710 1256 ἐπήγαγεν
735 1170 888 1255 ἔγκλημα·
921 1179 1059 1261 φαίνεται
1086 1180 1121 1243 δὲ
1146 1186 1198 1247 καὶ
1224 1186 1273 1249 ou

102 1261 206 1348 τούτῳ
229 1256 373 1324 ὃἽππων
394 1261 623 1344 κωμῳδηθῆναι
646 1253 790 1342 φθάσας,
812 1260 941 1347 pertinet
962 1262 999 1329 ad
1018 1265 1101 1353 prius
1122 1266 1195 1335 iHud
1216 1271 1273 1334 cri·

103 1369 192 1428 men,
215 1344 288 1429 quod
309 1345 342 1408 in
363 1342 515 1409 Socratem
536 1343 655 1407 coniicit
675 1343 909 1431 Aristophanes:

193 1431 306 1510 Ψοχῶν
333 1434 439 1513 σοφῶν
466 1425 552 1492 τοῦτ’
577 1429 640 1491 ἐστὶ
669 1425 918 1537 φροντιστήφιον·

186 1511 340 1578 Ἐνταῧθ’
365 1511 513 1577 ἔνοικοῦσ’
538 1509 660 1596 ἄνδρες,
694 1512 727 1575 οἳ
742 1512 795 1576 τὸν
817 1512 948 1599 οορανόν

189 1599 244 1663 A!
261 1623 342 1673 οντες
363 1595 599 1676 ἀναπείθουσιν,
620 1593 662 1670 ὡς
683 1593 764 1659 ίστιν
785 1597 904 1679 πνιγεῦς

190 1684 397 1762 Kaesonem
419 1677 500 1762 ἡμᾶς
523 1670 626 1753 οὗτος,
648 1676 734 1759 ἡμεῖς
756 1678 788 1743 d’
813 1678 980 1763 ἄνθρακες·

194 1759 288 1832 Οὗτοι
310 1762 509 1839 θιθιίσκουσ’,
531 1759 674 1843 ἀργύριον
695 1759 732 1841 ἢν
753 1786 799 1837 τις
820 1765 906 1851 διδῷ,

189 1852 334 1934 Λίγοντα
356 1853 440 1910 νικᾶν
466 1847 516 1909 καὶ
539 1847 641 1908 ὃίκαῐα
663 1843 782 1909 addico.

102 1937 263 2003 Posterius
290 1936 345 1998 hoc
373 1932 483 1996 crimen
514 1929 634 2017 respicit
659 1928 827 1994 Scholiasta
856 1930 904 1995 his
933 1931 1047 1995 vorhis:
1090 1932 1125 1996 τὸ
1154 1933 1187 1998 δὲ
1212 1940 1274 2000 τῶν

103 2017 304 2106 ἔγκλημιίτων
331 2013 402 2079 οὐδὲ
428 2014 462 2079 τὸ
492 2009 620 2078 σύνολον
645 2014 794 2078 ἓπικοινοῖ
821 2019 859 2100 τῇ
887 2018 1057 2104 φιλοσοφίᾳ
1082 2023 1147 2088 κτλ.
1189 2019 1273 2085 Male

101 2106 200 2194 igitur
218 2101 388 2168 Runkelius
421 2105 522 2164 censet
549 2099 716 2187 Hipponem
747 2120 765 2162 a
792 2097 915 2164 Cratino
969 2107 1104 2188 rapterea
1134 2113 1272 2170 vexatum

103 2211 175 2256 esse
197 2188 283 2274 ,quod
299 2186 439 2271 quomodo
461 2205 550 2248 causa
571 2183 700 2248 deterior
720 2183 805 2247 ficret
825 2185 928 2248 mehor
942 2121 1075 2249 doceret:
1098 2197 1177 2252 certe
1198 2188 1274 2254 nihil

104 2273 261 2361 quidquam
288 2272 324 2335 de
352 2271 407 2334 hoc
437 2269 559 2332 crimine
586 2268 656 2332 dicit
675 2268 886 2356 Aristophanis
913 2270 1075 2358 interpres:
1103 2273 1179 2337 male
1200 2295 1273 2338 vero

105 2359 195 2425 etiam
221 2356 370 2420 contendit
391 2353 557 2442 Hipponem
584 2353 660 2417 idem
686 2374 808 2441 prorsus
836 2353 872 2417 de
900 2355 981 2418 coelo
1010 2355 1161 2439 docuisse,
1196 2359 1273 2457 quod

104 2442 224 2509 Socrati
236 2441 337 2505 tribuit
347 2438 576 2526 Aristophanes:
599 2459 667 2501 nam
688 2451 726 2500 ne
747 2438 833 2501 huius
845 2438 959 2522 quidem
973 2439 1123 2505 doctrinae
1143 2444 1273 2531 vestigia

103 2527 294 2616 reperiuntur
319 2525 351 2587 in
376 2524 476 2587 verbis
503 2521 696 2602 scholiastae,
723 2542 892 2607 quamquam
919 2524 1013 2611 potuit
1037 2545 1109 2588 sane
1131 2524 1272 2592 Cratinus
1339 2541 1341 2545 '

105 2632 169 2676 non
190 2610 300 2711 dispari
320 2609 435 2673 ratione
449 2607 640 2672 disserentem
653 2606 819 2694 Hipponem
836 2607 985 2690 inducere,
1007 2609 1166 2695 eodemque
1186 2612 1272 2676 modo

104 2693 191 2762 Moto
203 2694 333 2760 disserit
352 2692 428 2781 apud
449 2691 602 2778 Aristoph.
623 2689 683 2755 Av.
705 2713 733 2755 v.
752 2692 849 2757 1000:

191 2780 314 2842 Αὐτίκα
335 2777 393 2861 γὰρ
416 2775 475 2861 ἀήρ
498 2777 562 2840 ἔστι
582 2773 638 2858 τὴν
658 2776 742 2839 ἰδίαν
762 2773 833 2852 ὅλος

191 2861 285 2929 Κατὰ
306 2862 411 2945 πνιγία
431 2858 575 2942 μάλιστα.

104 2946 200 3013 Talia
220 2954 316 3012 autem
337 2948 427 3033 vulgo
448 2945 649 3010 Athenienses
676 2943 809 3008 solebant
835 2943 957 3009 crimina
977 2944 1008 3008 in
1031 2966 1132 3010 omnes
1154 2947 1272 3011 omnino

103 3032 296 3123 philosophos
323 3032 474 3119 prolerre,
501 3029 532 3093 id
559 3029 635 3113 quod
661 3030 748 3092 etiarn
774 3028 862 3092 Plato
888 3030 920 3092 in
941 3029 1092 3117 Apologia
1117 3053 1146 3119 p.
1167 3035 1209 3096 23
1230 3031 1273 3096 D.

104 3117 273 3183 confirmat:
295 3113 359 3178 Ἵνα
381 3114 414 3178 δὲ
440 3113 482 3197 κὴ
505 3115 634 3178 δοκῶσιν
655 3110 778 3197 ἀπορεῖν
799 3112 837 3176 τὰ
858 3112 937 3177 κατὰ
960 3114 1081 3177 πάντων
1101 3120 1162 3178 τῶν
1183 3119 1279 3200 φιλο..

103 3197 286 3286 σοφούντων
306 3198 451 3284 πρόχειρα
477 3203 576 3263 ταῦτα
603 3197 752 3280 λέγουσιν,
783 3193 828 3260 ὅτι
857 3196 894 3260 τὰ
915 3197 1052 3284 μετίοιρα
1081 3201 1131 3261 καὶ
1152 3199 1191 3262 τὰ
1210 3194 1272 3265 ὕπὸ

126 3290 160 3360 ’ς
180 3287 265 3367 ζητεῖ
281 3287 331 3347 καὶ
353 3283 446 3358 θεοὺς
467 3281 510 3363 μὴ
532 3284 656 3362 νομίζει,
679 3284 729 3344 καὶ
752 3280 805 3344 τὸν
825 3278 907 3362 ἥττω
928 3278 1018 3365 λόγον
1038 3283 1163 3366 κρείττω
1185 3294 1272 3348 ποιεῖ.

103 3312 205 3470 Hippo
228 3376 324 3434 autem
346 3375 377 3432 ut
396 3368 512 3432 lonicos
534 3367 735 3455 philosophos,
752 3366 909 3430 Thaletem
931 3369 1057 3430 maxime
1079 3375 1125 3432 est
1145 3375 1272 3446 secutus,

103 3475 202 3542 magus
224 3476 322 3519 rerum
345 3475 418 3538 quae
440 3452 494 3517 suh
516 3460 700 3538 conspectum
724 3450 870 3514 oculorum
893 3449 1001 3514 cadunt
1020 3459 1165 3534 naturam,
1187 3475 1272 3539 quani

103 3538 197 3604 animi
222 3538 344 3603 humani
371 3538 428 3601 vim
457 3543 487 3600 et
512 3536 654 3599 rationem
681 3534 797 3598 videtur
822 3535 928 3598 investi
954 3556 1037 3617 asse,
1078 3537 1120 3601 ita
1146 3544 1179 3602 ut
1207 3538 1272 3603 scre

104 3622 229 3688 eandem
264 3623 343 3686 riam
368 3621 526 3701 institerit,
562 3641 647 3705 quam
672 3619 830 3705 Diogenes
860 3556 1082 3706 Apolloniates,
1117 3624 1166 3706 qui
1195 3623 1274 3687 circa

102 3707 181 3772 idem
210 3714 324 3795 tempus
351 3706 480 3770 Athenis
511 3711 645 3769 versatus
673 3712 729 3768 est.
772 3702 926 3776 Quaesivit
957 3713 1053 3769 autem
1080 3705 1180 3794 Hippo
1212 3728 1274 3771 non

103 3791 199 3856 solum
233 3791 270 3856 de
303 3791 417 3855 ratione
453 3812 510 3875 qua
541 3789 628 3853 huius
661 3787 761 3851 mundi
796 3809 953 3876 compages
984 3797 1050 3853 orta
1086 3798 1136 3854 aut
1168 3790 1273 3874 quihus

102 3875 222 3975 legihus
252 3876 305 3939 illa
336 3876 467 3939 subiecta
494 3874 548 3955 sit,
575 3875 608 3938 in
634 3894 690 3957 qua
718 3894 751 3935 re
777 3872 985 3960 investiganda
1011 3894 1125 3938 omnem
1153 3895 1271 3962 operam

102 3961 196 4049 prisci
227 3961 394 4049 philosophi
422 3959 618 4038 collocarent,
650 3957 703 4020 sed
732 3958 820 4020 etiam
852 3957 889 4021 de
921 3957 1048 4021 omnium
1083 3959 1272 4025 animantium

103 4046 220 4110 naturis
248 4051 278 4108 et
310 4044 470 4132 generibus
498 4043 659 4106 disseruit*
689 4041 730 4104 Et
756 4040 793 4106 ad
827 4047 950 4105 naturae
977 4041 1175 4128 cognitionem
1208 4065 1273 4109 cum

105 4129 166 4193 alia
185 4130 351 4217 pertinent,
380 4136 439 4192 tum
461 4127 527 4207 illa,
556 4148 628 4211 quae
649 4127 790 4272 leguntur
810 4125 887 4213 apud
907 4125 1099 4190 Plutarchum
1119 4127 1156 4191 de
1176 4129 1274 4216 placit.

126 4213 212 4278 hilos.
233 4213 273 4282 V.
294 4214 316 4278 5
343 4212 488 4294 (Galenus
520 4212 643 4275 historia
670 4233 688 4298 p
700 4210 776 4272 iilos
809 4231 834 4274 c.
855 4210 907 4274 31.
929 4211 970 4275 Τ.
986 4209 1071 4275 XlX.
1091 4232 1121 4298 p.
1141 4214 1205 4276 323
1226 4213 1272 4277 ed.

142 4298 241 4384 thu.):
277 4295 393 4361 ‘lunam
419 4300 584 4382 προίεσθαι
609 4294 666 4376 μίν
692 4293 814 4379 calpho
843 4292 901 4371 τὰς
924 4297 1054 4376 θηλείας
1081 4293 1138 4376 οὐχ
1163 4294 1272 4378 ἥκιστα

1030 4395 1073 4463 12
