2760 4792
140 228 205 294 166
526 176 932 286 conmnunsmonns

142 397 364 473 commemorat,
383 397 417 454 ut
441 389 519 453 dicat
538 387 620 452 illum
642 408 708 451 cum
728 386 859 452 Thalete
880 388 1020 475 coniungi
1040 408 1144 476 posse,
1165 386 1218 455 sed
1239 390 1310 455 suh-

142 478 248 543 tilitate
269 486 299 540 et
318 478 450 540 ubertate
470 474 586 561 ingenii
607 472 697 560 longe
718 472 892 537 inferiorem
913 494 996 536 esse:
1017 470 1153 536 Ἵππωνα
1172 472 1230 552 μὲν
1249 473 1309 557 γὰρ

140 560 197 626 σῦκ
218 558 257 625 ἄν
275 584 323 637 τις
348 555 483 635 ἀξιώσειε
509 564 610 623 θεῖναι
631 557 708 637 μετὰ
728 553 862 636 τούτων,
893 556 945 619 διδ
965 555 1022 638 τὴν
1042 557 1191 621 εὐτέλειαν
1211 556 1311 623 αὐτοῦ

139 653 196 723 τῆς
215 646 361 719 διανοίας.
403 645 505 729 Negat
529 644 622 730 igitur
648 642 833 730 Hipponem,
867 642 998 727 quamvis
1031 643 1150 706 accedat
1173 644 1311 791 pbroximo

140 732 180 797 ad
199 732 341 794 rationem
364 728 519 810 Thaletis,
544 727 679 816 componi
700 749 764 792 cum
785 727 837 792 illo
857 748 965 814 posse,
993 727 1129 813 quoniam
1149 748 1183 790 su
1204 725 1312 793 tilitato

119 836 122 843 ’
141 836 263 904 prorsus
288 814 443 878 destitutus
464 814 517 877 sit:
545 814 614 881 hinc
635 812 760 877 eundem
781 812 819 876 de
846 811 989 876 animal.
1009 815 1030 876 2
1056 812 1135 876 inter
1155 836 1312 897 φορτικω-

141 899 249 982 τίροος
274 898 463 991 philosophos
493 898 594 962 refert.
636 898 705 961 Nou
733 898 811 961 euim
836 904 994 986 propterea
1019 897 1095 981 qnod
1126 896 1158 959 iu
1185 896 1313 967 eandem

142 991 266 1050 aetatem
287 984 403 1051 Thales
426 989 456 1046 et
475 982 574 1070 Hippo
596 982 741 1061 incidant,
768 1002 828 1044 una
847 981 1017 1069 plerumque
1038 988 1311 1069 commemorantur,

141 1091 243 1133 verum
283 1076 383 1169 rppter
403 1068 552 1166 (loethoeo
574 1067 813 1147 similitudinem,
835 1086 891 1214 (ppo
914 1074 998 1154 pacto
1019 1066 1106 1130 otium
1128 1066 1165 1129 de
1185 1066 1312 1131 Anaxa-

138 1176 223 1301 tt
247 1150 963 1320 .'n.tutentet...ttae...teto
981 1149 1313 1320 ίοίῗιέόιδδζῑ

142 1346 204 1398 τος,
230 1323 381 1399 συνίζιοξε
401 1326 445 1407 τῷ
466 1318 556 1383 ὕδατι
578 1317 717 1402 δεύτερον
737 1329 884 1401 στοιχεῖον
905 1319 961 1399 τὴν
984 1325 1050 1402 γῆν.
1094 1318 1194 1408 Hippo
1214 1328 1313 1385 autom

143 1427 314 1492 quamquam
336 1412 431 1468 aetite
453 1406 489 1468 ab
501 1405 622 1487 Ionicis,
644 1406 693 1490 qui
713 1413 868 1486 vocantur,
889 1404 1071 1492 philosophis
1092 1404 1150 1468 luit
1169 1412 1312 1487 remotos,

144 1491 171 1554 si
192 1490 305 1573 quidem
329 1489 445 1554 Cratini
466 1496 596 1582 tempore
617 1490 694 1553 vixit
713 1488 859 1569 Athenis,
885 1497 984 1552 tamen
1004 1488 1121 1552 videtur
1140 1489 1258 1555 illorum
1279 1491 1313 1555 in

142 1574 375 1662 philosophando
397 1574 540 1639 rationem
562 1596 596 1637 ac
618 1574 802 1662 disciplinam
824 1594 891 1638 esse
918 1579 1051 1654 secutos,
1083 1573 1125 1637 ita
1150 1579 1182 1637 ut
1201 1574 1313 1663 princi·

163 1661 222 1723 ium
253 1659 381 1722 omnium
407 1681 506 1722 rerum
538 1664 684 1747 repeteret
712 1659 748 1722 ab
784 1659 840 1743 iis,
881 1677 955 1744 quae
983 1658 1038 1722 suh
1064 1658 1164 1723 oculos
1194 1658 1312 1731 cadunt.

143 1681 303 1809 Humidum
330 1749 426 1807 autem
453 1744 556 1807 statuit
579 1743 753 1832 principium
779 1764 863 1824 esse,
906 1748 938 1806 ut
964 1743 1053 1807 tradit
1071 1742 1249 1809 Alexander
1274 1742 1313 1809 ad

143 1826 269 1892 Aristot.
286 1826 458 1917 Metaphys.
479 1828 501 1892 l.
517 1827 538 1893 l.
552 1824 689 1892 Ἵππωνα
710 1828 886 1909 ἱστοροῦσιν
912 1825 1011 1910 ἀρχὴν
1031 1823 1136 1903 ἅπλῶς
1160 1826 1197 1891 τδ
1217 1824 1313 1913 ῦγρδν

143 1911 325 1995 ἀδιορίστως
344 1908 532 1991 ῦποθίσθαι,
556 1913 591 1977 οῦ
606 1908 844 1996 διασαφήσαντα
865 1907 992 1996 πότερον
1011 1908 1106 1996 ὕδωρ,
1127 1907 1171 1988 ὡς
1194 1913 1312 1995 Θαλῆς,

143 1995 262 2080 ἢάόρ,
291 1993 333 2072 ὡς
349 1996 544 2077 Ἀναξιμένης
571 2000 621 2059 καὶ
643 1995 807 2078 Διογένης·
837 1996 886 2060 διδ
913 1998 963 2059 καί
992 2006 1186 2077 παραιτεῖται
1214 1996 1311 2063 αὐτοῦ

143 2079 200 2162 τὴν
220 2079 313 2156 δόξαν
334 2076 376 2155 ὡς
396 2077 573 2144 ἐπιπόλαιον
594 2082 645 2142 καί
667 2079 755 2143 οὐδὲν
775 2081 1005 2163 διασαφοῦσαν·
1027 2079 1117 2162 ἢοῦχ
1137 2076 1180 2157 ὡς
1199 2080 1311 2165 ἄδίαρ-

143 2170 268 2249 θρωτον
288 2163 385 2228 αὐτοῦ
406 2164 462 2245 τὴν
487 2162 582 2239 δόξαν
602 2173 793 2246 παραιτεῖται
814 2162 867 2247 (οὗ
888 2163 946 2247 γδιρ
968 2160 1044 2242 slus,
1077 2165 1131 2229 διὰ
1143 2165 1207 2248 τὴν
1227 2165 1312 2231 εὐπί-

144 2254 228 2312 λειαν
248 2248 345 2311 attat
367 2254 422 2328 τῆς
443 2244 546 2332 δόξης)
571 2246 642 2310 ἀλλ’
667 2244 709 2322 ὥς
731 2247 787 2310 οῦν
808 2247 969 2333 ὀφείλοντα
990 2250 1022 2311 ἐν
1042 2259 1107 2324 τοῖς
1126 2249 1312 2337 φιλοσόφως

144 2335 440 2414 δγκαταριδμιῖσδαι
463 2332 513 2395 διὰ
534 2330 590 2414 τὴν
618 2337 673 2413 τῆς
693 2333 830 2408 διανοίας
852 2331 1015 2396 εὐτέλειαν·
1059 2332 1111 2396 διὰ
1136 2334 1196 2419 γὰρ
1217 2340 1311 2401 τοῦτο

145 2416 206 2481 slus
231 2417 267 2480 τδ
287 2415 378 2499 μετὰ
405 2413 568 2493 τούτων,
600 2417 694 2499 λέγων
719 2422 781 2480 τῶν
807 2413 995 2503 φιλοσόφων.
1039 2418 1108 2487 Huc
1135 2419 1211 2485 adde
1232 2418 1311 2485 Sin-

144 2502 212 2592 plic.
245 2501 283 2566 ad
323 2502 411 2590 phys.
451 2504 494 2566 lla
539 2499 657 2588 Ὥσπερ
694 2501 800 2584 Θαλῆς
831 2538 872 2553 -
906 2505 957 2566 καί
991 2501 1119 2579 Ἱππων,
1161 2500 1195 2579 ῦς
1229 2506 1318 2573 δοκεῖ·

144 2588 196 2650 καὶ
220 2584 315 2661 dero<
342 2586 490 2670 γεγονέναι
498 2633 506 2663 ,
547 2583 632 2669 όδωρ
664 2584 764 2671 ἔλεγον
797 2585 853 2670 τὴν
880 2583 987 2671 ἀρχόν.
1031 2586 1072 2651 Et
1103 2588 1175 2653 ibid.
1205 2610 1235 2677 p.
1267 2592 1312 2655 Ω

144 2669 192 2736 A:
234 2668 356 2746 Πάντες
382 2671 439 2755 γὰρ
466 2669 640 2750 σωματικόν
671 2695 699 2735 τι
730 2670 766 2735 τδ
796 2667 830 2734 ‘s'v
858 2668 1054 2735 ὑποτίθενται
1081 2677 1194 2737 τοῦτο·
1236 2672 1310 2739 ἀλλ’

147 2756 176 2820 οἷ
195 2756 250 2834 μὲν
271 2756 302 2818 όν
322 2780 351 2818 τι
378 2762 439 2818 τῶν
467 2761 560 2837 τριῶν
580 2757 750 2837 στοιχείων·
792 2753 893 2842 ὥσπερ
918 2757 1025 2838 Θαλῆς
1048 2756 1105 2830 μέν
1130 2758 1180 2819 καί
1195 2752 1314 2823 Ἵππων

144 2839 181 2903 τὸ
206 2838 301 2921 όδωρ.
344 2839 424 2905 ldem
456 2841 492 2904 ad
513 2839 638 2905 Aristot.
666 2840 702 2905 de
724 2839 816 2906 Coelo
841 2862 871 2988 p.
894 2841 956 2906 148
975 2841 1020 2906 A:
1046 2831 1148 2904 Ἦσαν
1173 2841 1211 2905 δέ
1233 2866 1315 2921 τινες

145 2924 175 2988 oi
200 2920 233 2985 'dv
259 2924 393 3007 λέγοντες
417 2924 523 3005 Θαλῆς
547 2925 603 3005 μὲν
631 2928 681 2987 καὶ
701 2922 816 2988 Ἵππων
862 2927 941 3005 δωρ,
978 2924 1173 3007 Ἀναξιμένης
1199 2926 1234 2991 dl
1259 2930 1314 2993 stul

143 3007 293 3090 Διογένης
314 3007 400 3088 ἀίρα.
442 3008 534 3072 Errat
558 3031 630 3073 vero
651 3010 778 3073 loannes
799 3010 951 3074 Diaconos
973 3008 1110 3096 Allegor.
1136 3011 1169 3077 in
1183 3010 1314 3079 Hesiodi

144 3092 266 3199 Theop.
287 3115 315 3181 p.
336 3093 400 3158 456
421 3094 466 3157 ed.
489 3093 591 3158 Goisl:
628 3092 667 3157 ‘0
686 3095 743 3174 μὲν
763 3094 798 3157 cd
820 3101 880 3175 πῦρ
901 3096 998 3168 τιθείς
1024 3096 1315 3185 πρεσβνγινίστερον

143 3183 205 3240 τῶν
226 3181 341 3254 αλλων,
369 3174 473 3254 ὁποῖος
488 3174 701 3260 Ἡράκλειτος,
729 3174 745 3243 ὃ
767 3178 801 3243 dl
826 3177 881 3256 τὴν
901 3183 958 3261 γῆν
978 3173 997 3242 ci
1004 3203 1021 3253 ς
1034 3176 1149 3242 Ἵππιον
1170 3176 1187 3244 ό
1206 3178 1314 3259 ἄθεος.

144 3260 269 3327 Secutus
291 3264 384 3349 igitur
404 3271 451 3327 ost
471 3264 614 3328 rationem
637 3263 805 3329 aThaletis
827 3263 984 3350 disciplina
996 3284 1055 3327 non
1077 3264 1230 3330 admodum
1251 3266 1315 3332 ‹lis-

145 3355 326 3432 crepantem:
369 3348 401 3411 in
428 3348 495 3411 aliis
523 3368 595 3412 vero
622 3348 759 3412 discessit
791 3347 828 3411 ah
855 3346 907 3411 illo
938 3355 969 3411 et
993 3348 1187 3436 posteriorum
1213 3352 1314 3439 potios

143 3432 382 3520 philosophorum
408 3432 523 3519 placitis
553 3454 625 3495 usus
655 3452 722 3495 osso
748 3431 882 3496 videtur:
925 3452 1063 3517 quorsum
1089 3442 1202 3498 sectat
1226 3434 1313 3519 illud,

145 3517 220 3602 quod
243 3538 282 3579 ex
302 3516 421 3580 humido
441 3517 559 3604 repetiit
579 3517 696 3601 iguem,
728 3537 812 3601 quem
833 3518 1087 3663 progeneravisse
1106 3454 1190 3583 liuns
1216 3520 1314 3607 ipsum

144 3601 297 3677 mundum3
325 3602 384 3665 vid.
406 3600 530 3686 Origen.
551 3600 724 3687 Philosoph.
748 3600 803 3665 16:
823 3598 838 3625 ⁰
851 3626 939 3664 ππων
960 3603 994 3665 δὲ
1015 3599 1031 3665 ό
1048 3600 1184 3686 Ῥηγῖνος
1210 3602 1311 3688 δρχδς

144 3682 205 3771 ἴφη
226 3684 349 3769 ψυχρὸν
373 3683 408 3748 τὸ
429 3682 514 3769 ὕδωρ
541 3687 591 3746 καὶ
612 3682 732 3767 θερμὸν
759 3682 794 3748 τό
821 3690 903 3770 πῦρ,
929 3683 1112 3770 γεννώμενον
1139 3687 1173 3751 δὲ
1191 3687 1227 3751 τδ
1248 3695 1314 3775 πῦρ

144 3764 205 3835 tut
226 3767 357 3851 ὕδατος,
386 3773 587 3851 κατανικῆσαι
614 3767 669 3849 τὴν
689 3772 745 3832 τοῦ
770 3768 966 3853 γεννήσαντος
986 3770 1132 3851 δύναμιν,
1160 3776 1318 3857 σνστῆσαί

145 3878 177 3918 τε
203 3854 260 3921 τὸν
285 3849 411 3931 κόσμον.
452 3852 533 3918 Ηίσο
560 3854 692 3919 breviter
717 3851 828 3920 Sextus
853 3853 1020 3942 Empiricos
1045 3855 1135 3922 tradit
1160 3856 1315 3945 Pyrrhum

146 3938 227 4039 Hyp.
248 3939 304 4003 Ill.
324 3941 378 4005 30.
398 3958 427 4026 p.
450 3937 514 4003 130
536 3937 582 4002 ed.
605 3937 697 4004 Fahr.
719 3946 749 4002 et
770 3940 836 4004 adv.
856 3937 999 4005 Mathem.
1019 3940 1073 4005 lX.
1094 3942 1168 4007 ool.
1187 3965 1217 4032 p.
1237 3944 1316 4011 62⁰.

145 4023 188 4088 Hr
207 4044 313 4114 ponem
340 4022 397 4086 duo
425 4043 524 4085 rernm
556 4022 640 4091 initia
665 4024 823 4089 statuisse:
859 4021 974 4090 Ἵππων
994 4024 1028 4088 δέ
1049 4022 1066 4089 ὅ
1088 4022 1224 4111 Ῥηγῖνος
1250 4032 1315 4115 πῦρ

144 4135 163 4171 ι
226 4106 320 4188 ῦδωρ.
363 4106 438 4171 adde
465 4104 570 4173 Galen.
600 4107 716 4197 philoso
736 4108 766 4177 h.
793 4109 862 4173 nist
894 4129 920 4173 c.
939 4110 970 4175 ὅ.
997 4108 1039 4174 Τ.
1066 4107 1150 4177 XIX.
1182 4134 1212 4201 p.
1232 4110 1314 4179 sto:

137 4189 253 4257 Ἵππων
280 4190 314 4255 δὲ
340 4186 509 4274 ὃῬηγῖνος
534 4197 597 4278 πῦρ
623 4194 675 4257 καὶ
720 4196 794 4278 δωρ.
856 4190 908 4257 Ex
935 4213 1010 4278 aqua
1036 4202 1131 4259 antem
1157 4198 1256 4263 omnia
1280 4198 1316 4265 in

145 4298 243 4342 rernm
264 4282 370 4340 namra
390 4284 420 4340 et
440 4276 528 4363 gigni
548 4284 579 4341 et
599 4278 639 4347 ali
659 4279 789 4359 censuit,
810 4276 870 4342 vid.
889 4277 1054 4366 interprett.
1076 4279 1113 4346 ad
1127 4278 1254 4349 Aristot.
1274 4282 1315 4351 de
