2760 4792
324 247 383 314 DE
403 243 548 322 numo,
569 242 756 317 COMOED’.
777 244 883 316 ΑΤΤ.
904 247 1050 323 anulo.
1205 244 1270 314 417

99 424 129 483 et
149 414 259 482 ibidem
279 435 309 480 u.
331 411 416 480 1043
437 413 475 479 do
495 433 530 478 se
551 412 635 479 dicit:

186 495 313 564 Τοιύνδ’
336 495 475 583 εἱράντες
495 497 686 577 ἀλεξίκακον,
712 502 769 579 τῆς
786 494 891 582 χώρας
911 499 1003 580 τῆσδε
1024 495 1186 582 καθαρτὴν

184 582 323 668 Πίρυσιν
343 582 574 669 καταπρούδοτε
601 577 795 658 καινοτάταις
815 581 972 670 σπείραντ’
995 581 1090 646 atate
1111 584 1269 660 διανοίαις.

100 687 182 752 etin
203 684 284 750 Pace
305 699 335 750 v.
356 685 438 750 736:

83 832 86 836 Α
184 772 225 834 Εἰ
245 767 276 833 δ’
302 760 357 832 ούν
378 764 456 843 είκύς
475 786 544 830 τινα
564 769 706 847 τιμῆσαι,
728 761 863 848 θυγάτερ
884 763 982 844 Διύς,
1005 765 1089 845 ὅστις
1108 766 1234 853 ἄριστος

185 850 516 941 Κωμῳδοδιδάσκαλος
536 847 711 935 ἀνθρώπων
731 855 782 914 καὶ
804 850 993 927 κλεινότατος
1012 853 1175 936 γεγένηται,

177 935 293 1015 Ἀξιος
318 934 395 1003 εἶναί
420 935 498 1023 φησ’
522 935 659 1019 εὐλογίας
684 933 817 1018 μεγάλης
839 933 855 1000 ὃ
881 935 1065 1012 διδάσκαλος
1090 935 1186 1020 ἡμῶν.

100 1049 141 1114 Et
162 1055 341 1136 quantopere
362 1043 465 1111 comici
490 1051 593 1133 poetae
615 1044 694 1108 soliti
715 1044 828 1110 fuerint
848 1047 879 1109 in
901 1068 959 1111 ana
979 1046 1069 1111 aestis
1091 1068 1124 1111 se
1144 1067 1271 1132 suasque

100 1135 225 1281 uirtutps
245 1131 417 1281 praegippre
438 1151 499 1195 non
516 1149 575 1194 uno
596 1129 660 1194 loco
677 1128 895 1219 Aristophanes
915 1068 1035 1209 inclinat,
1058 1138 1090 1195 ut
1108 1133 1142 1196 in
1156 1131 1272 1196 Achar-

100 1240 190 1284 nensr
210 1238 244 1281 us
265 1239 294 1281 v.
338 1220 346 1245 ‘
391 1239 399 1279 ι
1278 1265 1283 1274 .

182 1302 234 1376 Ἐξ
256 1291 294 1365 ού
313 1323 346 1383 γε
364 1307 503 1382 χοροῖσιν
523 1295 688 1381 ἓφίστηκεν
708 1307 860 1382 τρυγικοῖς
881 1294 897 1362 ὃ
920 1297 1105 1374 διδάσκαλος
1125 1295 1223 1382 ἡμῶν,

190 1383 286 1452 Ούπαι
307 1385 428 1468 παρίβη
451 1381 528 1464 πρὸς
549 1379 584 1445 τὸ
606 1381 741 1465 θέατρον
762 1382 868 1461 λίξαιν,
897 1381 939 1460 ὡς
960 1381 1056 1461 δίξιύς
1076 1385 1169 1450 ἔστιν.

103 1480 133 1538 et
152 1471 270 1561 plenius
291 1470 379 1536 etiam
400 1469 433 1534 in
453 1467 535 1532 Pace
555 1488 584 1531 v.
606 1463 690 1530 734:

186 1559 225 1620 X
241 1562 279 1639 ἢν
296 1555 353 1637 μίν
372 1550 496 1618 τύπτειν
515 1549 588 1626 τούς
609 1547 815 1633 ῥαβδούχους,
838 1550 870 1614 τί
883 1576 930 1627 τις
951 1552 1210 1639 κωμῳδοποιητὴς

186 1639 296 1706 Αοτδν
321 1634 421 1725 ἐπῄνει
443 1636 520 1721 πρὸς
539 1635 575 1699 τὸ
596 1636 731 1719 θέατρον
751 1635 896 1720 παραβάς
925 1639 958 1702 ἐν
978 1648 1042 1713 τοῖς
1063 1639 1272 1715 ἀναπαίστοις.

103 1750 162 1816 list
183 1756 281 1815 autem
294 1747 347 1812 Th
403 1746 481 1834 ompi
502 1743 553 1810 ille
575 1745 700 1809 creticus
720 1745 832 1833 pariter
852 1752 938 1831 atque
958 1744 1113 1834 Eupolidis
1133 1748 1274 1815 versicuh

103 1858 145 1902 ox
166 1831 319 1924 parchusi,
344 1852 364 1895 v
420 1832 517 1920 potius
539 1851 579 1894 ex
606 1829 695 1893 simili
716 1829 840 1915 quodam
867 1832 996 1895 carmine
1017 1834 1141 1933 potitust
1159 1832 1274 1898 solent

106 1921 187 1984 enim
208 1915 310 1984 comici
334 1923 453 2005 poetae,
497 1915 546 2002 ubi
573 1916 649 1979 actio
677 1914 743 2002 ipsa
772 1914 923 2002 paulisper
950 1919 1085 1982 consistit
1104 1922 1155 1981 aut
1175 1938 1274 1983 coram

105 2002 305 2093 spectantibus
331 2000 459 2087 hansigi
486 2000 604 2085 nequit,
637 2019 743 2064 novam
771 2002 854 2083 quasi
881 2001 1056 2088 parabasin,
1090 2011 1273 2066 constantem

108 2110 149 2154 ex
185 2086 327 2176 stropha,
364 2085 583 2174 cpirrhemate,
626 2082 832 2173 antistropha,
875 2086 1144 2174 autepirrhemate,
1179 2087 1273 2151 inter·

106 2193 227 2262 ponere.
268 2169 356 2236 Hunc
383 2170 460 2239 euim
482 2176 599 2316 partem
629 2169 731 2238 eodem
758 2169 877 2233 nomine
893 2191 961 2319 Δἓιιο
988 2171 1164 2320 parthesin,
1198 2192 1274 2256 quae

105 2256 224 2347 proprie
243 2262 375 2336 vocatur,
396 2253 481 2343 appel
494 2259 570 2318 atam
590 2254 685 2318 luisse
706 2262 828 2342 apparet
848 2276 888 2319 ex
934 2255 988 2319 cho
1002 2256 1077 2320 'asto
1095 2253 1274 2345 Aristopha-

105 2343 154 2427 nis
175 2341 272 2406 Nuhh.
293 2360 321 2405 V.
341 2340 423 2407 55²:
444 2334 579 2415 Εύπολις
599 2340 631 2402 ἐν
652 2347 715 2414 τοῖς
736 2336 878 2415 Βάπταις
898 2340 1076 2405 τούναντίον
1096 2342 1204 2425 φησίν,
1226 2339 1274 2405 ὅτι

105 2427 300 2508 συνεποιήσεν
317 2419 538 2508 Ἀριστοφάνει
559 2422 631 2500 τοδς
648 2421 774 2501 Ἱππεῖς,
800 2425 878 2509 λέγει
900 2425 933 2488 δὲ
959 2424 1026 2508 τὴν
1051 2427 1273 2490 τελευταίαν

106 2506 343 2598 παράβασιν·
372 2510 448 2593 φησί
468 2506 516 2572 δέ·

323 2593 325 2596 ⁴
511 2589 678 2668 Κάκείνους
699 2591 770 2669 τούς
786 2590 909 2669 Ἱππίας

180 2677 382 2760 ’Συνεποίησα
403 2681 448 2762 τῷ
470 2681 620 2765 φαλακρῷ
642 2674 742 2765 τούτῳ
769 2674 1006 2763 κάδωρησάμην.

107 2778 279 2844 Extremam
305 2778 465 2866 parabasin
491 2780 698 2867 grammaticus
724 2778 776 2842 ille
797 2778 868 2843 dicit
893 2780 1012 2845 lahulae
1051 2784 1144 2844 ατῒοοτ
1164 2777 1274 2843 iudea

107 2886 136 2929 v.
159 2865 243 2928 1263
265 2862 430 2947 usquead
456 2884 485 2927 v.
509 2864 607 2945 1315,
643 2864 692 2926 uhi
720 2864 779 2928 vid.
802 2861 977 2930 Scholiasta.
1021 2801 1146 2930 houset
1177 2872 1273 2928 autem

107 2948 170 3012 illic
196 2947 364 3036 epirrhema
396 2953 426 3010 et
458 2948 676 3034 autepirrhemu
705 2969 743 3013 ex
775 2948 930 3013 trochaicis
950 2949 1156 3027 ⁴tetrametris3
1198 2946 1274 3011 alins

107 3041 205 3097 autem
236 3051 289 3119 pro
323 3031 371 3095 his
400 3033 502 3096 comici
539 3041 643 3120 poetae
676 3033 799 3097 creticos
829 3040 1013 3098 tetrametros
1042 3042 1273 3120 usurpaverunt,

109 3118 186 3183 sieut
213 3123 260 3180 est
284 3116 325 3180 in·
343 3117 473 3180 secunda
499 3117 643 3204 parabasir
656 3116 821 3205 Vesparum
841 3139 870 3182 r.
892 3118 1113 3183 1275-1283
1138 3123 1169 3181 et
1190 3113 1275 3182 1284

107 3198 251 3267 4291.
291 3199 329 3265 In
349 3200 465 3266 Avibus
494 3209 606 3282 eutem,
633 3202 683 3266 uhi
710 3202 804 3267 altera
828 3202 887 3266 istc
912 3202 1064 3291 paschasio
1084 3200 1187 3289 incipit
1206 3222 1225 3265 a
1244 3222 1274 3264 v.

109 3285 193 3352 1058
217 3284 384 3373 epirrhema
415 3296 446 3351 et
472 3286 689 3373 autepirrhema
715 3306 819 3351 rursus
845 3308 885 3351 ex
909 3287 1065 3351 trochaicis
1098 3286 1274 3350 tetrametris

110 3370 269 3458 composita
289 3376 366 3434 sunt
408 3368 449 3435 Et
475 3392 514 3434 ex
540 3371 682 3436 eiusmodi
706 3370 848 3458 parabasi.
870 3371 999 3435 fortasse
1020 3371 1108 3437 etiam
1127 3369 1181 3435 Fr.
1201 3368 1275 3437 xlv

109 3453 484 3542 Thesmophoriazusarum
505 3456 698 3543 posteriorum
710 3457 890 3544 olepromtum
912 3462 974 3520 este
1036 3501 1037 3504 ,
1096 3487 1098 3492 ·

186 3534 234 3602 Ἦ
250 3538 329 3622 μίγα
349 3558 386 3606 τιῖ
398 3539 503 3622 βρῶμ’
527 3538 609 3603 ἔστιν
629 3536 648 3621 ἡ
677 3537 1028 3626 τρυγῳδοποιομουσική,

189 3620 297 3687 Ἡνίκα
319 3620 462 3708 Κράτητί
478 3648 511 3688 τε
537 3621 659 3707 τάριχος
685 3621 878 3710 ἐλεφάντινον
997 3674 1000 3679 ·

193 3707 354 3792 Λαμπρδν
375 3705 508 3787 ἐκόμιζεν
529 3707 648 3782 άπάναις
670 3709 984 3793 παραβεβλημένον,μ
1010 3764 1012 3769 .

186 3791 297 3858 ”Atta
318 3816 350 3855 τε
370 3792 491 3856 τοιοῦδ’
517 3793 603 3878 λ’τερα
623 3793 709 3878 μυρί’
732 3795 906 3875 ἐκιχλίζετο.

108 3875 223 3976 Eodem
245 3876 373 3966 pertinet
391 3876 445 3941 Fr.
452 3877 525 3959 XV,
548 3880 593 3943 cui
610 3878 851 3967 praemittendum
871 3885 941 4028 ppto
961 3874 1015 3941 Fr.
1035 3874 1139 3938 incert
1152 3869 1274 3951 DLX13

109 3961 266 4027 verissume
288 3963 364 4026 euim
385 3961 569 4027 Fritzschius
595 3963 629 4027 in
649 3963 795 4028 dissertat.
825 3963 862 4028 de
915 3959 1101 4048 hesmophor.
1120 3956 1162 4022 ll.
1202 3957 1276 4023 .Ὶό

108 4048 223 4113 monuit
242 4046 298 4110 hoc
318 4046 517 4133 fragmentum
538 4047 574 4113 al
596 4049 673 4113 hanc
693 4047 823 4113 fabulam
844 4055 874 4114 et
894 4047 932 4115 ad
947 4044 1136 4132 haucipsam
1157 4061 1275 4108 scenam

109 4153 177 4198 esse
199 4131 403 4195 referendum:
905 4135 908 4142 '

188 4211 327 4295 λΡῆματά
348 4213 511 4297 τεκομψοί
531 4217 582 4280 καὶ
599 4215 722 4300 ’παίγνί
745 4210 953 4291 ίπιδεικνύναι,

194 4298 297 4366 Πάντ’
321 4298 378 4364 ἀπ’
402 4300 599 4388 άκροφυσιῶν
625 4299 704 4368 κάπδ
717 4313 719 4316 ’
732 4296 974 4384 κιναβενμάταιν·

1032 4398 1076 4463 27
