2760 4792
121 251 184 316 ers
501 212 901 312 corrnrsnranronns

122 413 256 477 Praxilla
278 432 347 476 vero
369 409 484 476 Cratini
511 410 641 496 aequalis
663 411 734 491 fuit,
761 411 786 473 si
808 410 882 474 fides
904 407 1039 473 habenda
1061 405 1209 489 Eusehio,
1229 411 1281 493 qui

121 498 199 561 illam
222 497 339 596 Olymp.
356 495 514 559 LXXXII.
528 499 548 558 2
567 495 704 559 floruisse
721 495 825 575 tradit,
847 494 1004 578 eademque
1020 492 1133 557 lasciva
1149 493 1282 559 carnnna

120 581 286 646 condidisse
306 585 415 660 lertur,
435 580 494 643 vid.
516 580 637 644 Tatian.
656 580 738 643 Orat.
761 578 825 642 adv.
849 578 1022 644 Gracc052:
1045 577 1161 641 videtur
1182 584 1282 643 autent

119 666 256 729 Praxilla
282 664 366 752 plura
392 664 423 726 in
450 672 513 727 arte
540 665 650 728 musica
676 664 832 727 novavisse
857 664 1032 751 propiusque
1058 661 1096 725 ad
1116 660 1281 747 dithyram-

121 751 248 813 hicornnr
274 755 425 836 poetarum
452 770 536 812 nsum
563 757 592 812 et
621 748 859 812 consuetudinem
887 748 1061 812 accessisse:
1094 752 1125 810 et
1148 746 1281 811 fortasse

57 894 64 907 ,
119 835 175 897 hoc
194 835 205 897 i
226 854 288 896 sum
310 840 413 896 notare
433 832 526 897 voluit
546 831 696 898 Cratinus.

201 856 264 980 lhrn
298 922 492 998 Clitagora,
535 918 617 980 cuius
649 915 769 980 scoliam
802 936 861 978 una
893 937 956 979 curn
984 914 1104 978 Admeti
1131 914 1280 979 cantilena

118 1012 367 1082 commemoratur,
389 1002 561 1085 qrraeluerit
582 1004 639 1065 iarn
661 1001 818 1084 antiquitus
840 1000 1041 1087 ambigebant:
1064 1021 1132 1063 narn
1147 999 1280 1079 luerunt,

117 1087 167 1171 qui
187 1087 282 1149 virum
304 1087 397 1149 luisse
419 1086 641 1149 contenderent:
665 1086 722 1149 rid.
743 1084 937 1148 Schohastarn
959 1085 996 1147 ad
1017 1083 1172 1170 Aristoph.
1186 1082 1279 1191 Vesp.

117 1193 183 1234 eurn
209 1191 325 1233 versum
354 1191 437 1253 quern
468 1191 558 1256 supra
590 1170 669 1233 dixi:
706 1165 907 1243 Ἀπολλώνιος
934 1168 967 1231 δὲ
993 1163 1009 1231 ὃ
1037 1168 1206 1252 Χαίριδος,
1237 1192 1279 1243 ως

112 1251 346 1338 Ἀρτεμίόιορός
367 1257 460 1335 φησί,
489 1257 554 1335 περὶ
578 1256 633 1334 μὲν
654 1259 708 1333 τῆς
730 1252 939 1337 Κλειταγόρας
959 1258 1013 1333 τῆς
1034 1254 1211 1335 ποιητρίας,
1233 1250 1278 1317 dra

117 1335 159 1413 ὡς
197 1335 426 1419 ἀνδρωνόμενον
466 1339 541 1419 [scr.
583 1336 798 1421 ιἰνιλριόνυμον)
839 1337 1032 1420 ἀναγέγραφε
1073 1332 1279 1423 Κλειταγόραν

112 1420 295 1501 Ἀμμώνιος
317 1421 468 1501 ἀπιλέγχιι
492 1416 593 1485 αὐτόν.
636 1425 706 1487 Non
734 1424 830 1486 rninus
857 1423 970 1486 ineerta
996 1423 1051 1485 fnit
1070 1422 1183 1511 patria,
1209 1444 1278 1487 nana

116 1505 284 1570 Scholiasta
308 1505 572 1594 Aristopl1.Vesp.
602 1530 629 1572 v.
655 1508 739 1571 arlo
771 1507 949 1571 Thessalam
985 1529 1052 1571 esse
1083 1507 1154 1571 aicit
1185 1504 1279 1574 Clita-

116 1611 237 1676 goram:
260 1589 468 1673 Κλειταγόρα·
489 1593 581 1670 μέλος
602 1618 630 1653 τι
652 1596 694 1665 εἷς
716 1590 811 1673 αὐτήν
831 1589 1057 1674 Κλειταγόραν,
1077 1588 1143 1673 ἣτις
1164 1590 1278 1675 ἓγένετο

115 1672 272 1758 ποιήτρια,
304 1673 442 1755 Θετταλή
460 1700 505 1750 τις
531 1673 626 1759 γονής
653 1677 704 1740 sed
728 1678 774 1739 hic
795 1675 962 1740 Scholiasta
984 1676 1072 1740 nullis
1102 1676 1276 1741 testimoniis

115 1760 220 1840 utitur,
256 1780 354 1823 vorum
386 1781 424 1824 ex
456 1761 508 1822 illo
540 1761 605 1848 ipso
631 1760 841 1848 Aristophanis
873 1762 936 1824 loco
970 1761 1166 1826 coniecturam
1197 1762 1275 1827 fecit

115 1841 228 1907 Contra
250 1843 414 1907 Scholiasta
439 1845 475 1908 ad
497 1845 696 1930 Lysistratam
720 1868 746 1909 v.
771 1849 852 1908 1237
874 1846 944 1909 dicit
964 1846 1144 1909 Laconicam
1166 1846 1276 1911 fuisso:

111 1925 197 1990 'Aah
219 1932 332 1992 Ilistra
347 1926 426 2011 ’όριις
452 1934 487 2004 τν”Ι
490 1955 505 2003 ς
531 1932 703 2009 ποιητρίας·
734 1927 834 2011 ἡγὰρ
858 1928 1048 2012 Κλειταγόρα
1076 1926 1220 2013 ποιήτρια
1239 1920 1275 2013 ἦν

113 2011 297 2093 Λακωνική,
327 1956 362 2093 dg
383 2015 533 2093 μέμνηται
562 2017 611 2075 καὶ
634 2017 665 2075 ἐν
687 2015 839 2077 Δαναΐσιν
856 2011 1099 2099 Ἀριστοφάνης.
1142 2014 1206 2081 Sed
1227 2038 1274 2080 vr·

113 2117 197 2177 reor,
229 2119 266 2159 ne
296 2098 368 2160 haee
394 2119 505 2179 ιμιοιμιι·
527 2098 672 2184 interpres
700 2119 740 2162 ex
764 2098 828 2185 ipso
855 2098 906 2162 illo
935 2099 996 2162 loco
1022 2106 1201 2166 commentus
1227 2101 1274 2165 sit

113 2179 339 2325 Scoliinssautonr
371 2181 542 2268 particula-cn
575 2190 654 2245 certe
689 2183 820 2247 servavit
850 2182 1068 2272 Aristophanes
1098 2185 1132 2249 in
1165 2185 1273 2274 Vespis

112 2284 141 2326 Υ.
164 2268 221 2327 12*
253 2286 260 2325 2
814 2300 818 2309 ¹

195 2348 269 2411 BA.
293 2345 384 2409 Μετὰ
403 2351 513 2410 τοῦτον
533 2350 682 2430 Αἰσχίνης
704 2344 719 2411 ὃ
741 2348 858 2412 Σέλλου
881 2351 1006 2429 ιῒίξιται,

192 2428 294 2511 Ἀνήρ
315 2429 413 2515 σοφὸς
434 2433 484 2495 καὶ
505 2440 584 2512 proco
601 2432 652 2509 κὸς
672 2424 741 2523 κᾷτ’
766 2432 886 2524 docear

194 2512 353 2599 Χρήματα
374 2517 423 2578 καὶ
445 2518 513 2595 βίον

193 2595 387 2687 Κλειταγόρᾳ
408 2624 439 2663 τε
461 2600 523 2662 κά-

193 2688 246 2761 μοὶ
267 2684 344 2764 μετὰ
369 2686 545 2748 Θεσσαλῶν.

195 2854 266 2913 ΒΔ.
291 2854 386 2915 Τουτὶ
406 2854 462 2932 μὲν
482 2855 616 2929 ἐπιεικῶς
637 2880 675 2917 οἰ·
696 2880 715 2939 γ
752 2858 952 2931 ἐςιπιστασιιι.

108 2936 155 3001 Ita
187 2936 265 2999 enirn
297 2936 371 2999 haec
406 2940 523 3003 correxi
556 2939 586 3002 in
620 2938 850 3005 Zimnrermanni
883 2943 998 3007 Diariis
1031 2944 1115 3010 1835
1148 2966 1177 3034 p.
1197 2944 1271 3011 319.

109 3020 251 3109 Suspicor
283 3027 378 3085 autem
412 3022 449 3087 ad
482 3023 654 3110 Clitagorae
692 3026 868 3090 cantilenam
906 3028 1005 3116 priora
1036 3036 1146 3094 tanturn
1180 3032 1272 3095 vorha

107 3106 267 3170 reserenda
288 3126 370 3169 esso:

192 3186 350 3271 Χρήματα
372 3190 422 3252 καὶ
442 3192 511 3270 βίον
532 3189 734 3276 Κλειταγόρα,

107 3273 220 3358 reliqua
247 3288 342 3338 autem
376 3276 412 3338 ab
438 3274 638 3364 Aristophane
666 3280 779 3343 adiecta
806 3302 894 3363 esse,
929 3288 962 3346 ut
987 3280 1168 3349 Aeschinem
1195 3280 1272 3349 Solli

107 3358 198 3421 filium
220 3362 396 3445 castigarem
419 3360 629 3425 coniicioenim
652 3363 733 3427 illum
755 3366 865 3431 socium
888 3367 981 3431 fuisse
995 3365 1024 3431 le
1065 3367 1164 3449 tionis,
1185 3388 1271 3453 qnam

106 3442 308 3506 Athenienses
329 3444 380 3507 illo
402 3452 532 3533 tempore
553 3448 584 3508 in
606 3444 796 3513 Thessaliam
819 3452 975 3533 miserant,
995 3453 1025 3515 vi
1047 3450 1160 3539 .Vesp.
1177 3453 1271 3519 1276.

107 3527 167 3590 Sed
192 3535 222 3590 ut
243 3527 280 3591 ad
302 3525 418 3592 Cratini
438 3551 556 3594 versum
577 3540 725 3612 revertar,
757 3536 883 3600 comicus
904 3536 1031 3601 maxime
1052 3536 1273 3624 reprehendero

106 3611 222 3673 videtur
252 3612 465 3700 negligentiam
500 3616 580 3678 illam
609 3623 639 3678 et
670 3620 891 3684 contemtionem
922 3622 1016 3701 artis,
1049 3643 1112 3685 cnrn
1140 3622 1272 3687 solerent

104 3696 323 3775 AtlrcnienseS,
355 3697 381 3759 si
414 3698 521 3761 tihicen
553 3700 654 3764 rnodos
682 3703 845 3768 cantilenae
875 3706 908 3768 in
934 3705 1092 3771 Admetum
1118 3706 1271 3793 praeierit,

105 3800 213 3843 canere
234 3779 355 3843 scolium
378 3778 561 3880 Clitagorae,
582 3785 624 3848 ita
647 3792 677 3849 ut
698 3787 745 3850 hic
766 3789 847 3853 locus
868 3810 927 3854 non
950 3790 996 3855 dis
1017 3812 1051 3853 ar
1072 3790 1113 3853 sit
1132 3790 1271 3857 rersihns

104 3864 315 3951 Aristophanis
336 3865 368 3927 in
389 3865 564 3950 Lysistrata
585 3891 612 3933 v.
636 3872 734 3952 1236,
763 3874 812 3937 uhi
832 3872 966 3938 indicans
987 3811 1190 3941 Athenienses
1212 3876 1269 3941 iarn

101 3949 238 4014 omnibus
267 3949 348 4036 pacis
376 3950 590 4017 conditionibus
613 3954 700 4019 sacile
726 3978 793 4021 esse
814 3966 985 4040 contentos,
1013 3959 1102 4023 sinrili
1123 3959 1270 4025 locutione

103 4039 240 4119 tanquam
261 4035 435 4120 proverbio,
456 4038 533 4125 quod
555 4038 638 4125 vulgi
659 4060 711 4104 ore
732 4042 830 4105 tritura
852 4043 906 4123 sit,
927 4044 1032 4107 utitur:
1058 4120 1061 4125 Ι

188 4121 267 4180 Νυνὶ
289 4116 323 4180 cl'
347 4115 458 4182 ἅπαντ’
482 4119 621 4205 ἤρεσκεν·
643 4122 719 4187 ὥστ’
743 4128 769 4191 εἰ
787 4126 843 4204 μίν
863 4127 899 4209 γέ
917 4152 964 4203 τις

182 4204 277 4265 Ardor
300 4206 499 4283 Τελαμῶνος,
521 4206 731 4293 Κλειταγόρας
753 4208 837 4298 ᾅδειν
857 4210 935 4289 δίον,

182 4285 390 4371 Ἐπῃνέσαμτν
410 4288 449 4353 ἂν
469 4293 520 4355 καὶ
542 4292 854 4379 προσεπιοριιήσοιμτν.
948 4376 950 4381 Ι
