2768 4770
105 201 149 269 76
485 198 885 268 COMMENTATIONES

105 367 219 433 laetitia
239 367 359 433 vivendi
381 368 577 469 accipiebant,
597 367 651 434 sed
672 368 786 433 ammos
807 369 894 432 etiam
916 388 969 455 spe
990 365 1112 433 meliore
1128 364 1273 435 morienti

107 453 326 517 sustentabant:
370 460 477 517 etenim
512 453 626 516 aniurus
659 459 856 540 cognoverat,
901 473 935 515 se
962 451 1127 517 arctissimo
1156 450 1295 517 viuculo

107 559 172 602 cum
194 537 250 602 deo
278 538 460 601 coniunctum
482 559 566 619 esse,
602 538 633 600 in
660 558 694 600 se
721 538 786 625 ipso
813 537 929 600 divinos
956 536 1097 621 quosdam
1125 536 1137 599 i
1181 535 1308 603 italos

107 623 250 711 reperiri,
282 624 457 707 omninoque
471 643 518 685 ‘se
544 642 605 685 non
626 622 776 685 diversum
797 642 865 685 esse
887 622 923 684 ab
945 621 1010 709 ipso
1033 620 1098 687 cleo.
1176 620 1184 637 ‘
1225 642 1319 687 au·-

107 714 167 770 tem
188 706 303 795 placitis
330 707 443 770 animos
466 706 614 770 bominum
634 707 836 771 vehementius
858 711 1015 769 commotos
1032 704 1207 806 alacresque
1230 704 1319 771 fu—

108 799 171 855 ctos
198 812 266 855 esse
295 799 523 855 consentaneum
550 804 610 871 est,
644 790 698 854 sed
724 791 761 854 ab
782 790 848 878 ipsa
867 790 920 854 illa
941 790 1092 854 alacritate
1112 810 1319 857 animorum:

109 875 191 939 labes
214 876 301 939 etiam
324 884 353 939 et
380 875 546 963 corruptela
573 875 752 963 gravissima
777 882 843 940 orta
869 882 930 955 est,
963 875 1054 939 animi
1080 874 1161 939 euim
1188 874 1319 941 altus!

109 960 180 1024 elati
200 982 270 1024 mox
291 981 405 1024 omnem
434 960 550 1025 mollum
571 961 689 1047 egressi
710 966 789 1040 snut,
811 968 840 1023 et
852 958 890 1023 ad
910 980 1017 1024 vanam
1037 960 1319 1047 superstitiou-

109 1066 143 1108 se
164 1046 395 1132 applicaverunt,
417 1044 570 1109 libidinum
592 1052 688 1108 autem
696 1045 779 1131 copia
800 1043 946 1130 gliscente
967 1045 999 1107 in
1021 1043 1215 1109 castimoniae
1235 1043 1269 1110 lo
1286 1084 1319 1099 -

110 1151 174 1193 cum
194 1130 376 1218 impudentia
396 1129 640 1212 loelissimaeque
667 1128 832 1215 voluptates
859 1134 1081 1209 successerunt,
1112 1128 1157 1193 ita
1177 1134 1212 1194 nt
1230 1150 1319 1195 οι-

109 1234 225 1279 cronum
247 1214 427 1302 perturbatio
449 1221 479 1277 et
499 1213 668 1302 depravatio
690 1214 840 1277 teterrima
867 1212 1007 1276 oriretur:
1042 1212 1186 1279 bucillml
1209 1233 1319 1300 qum·-

109 1319 165 1383 que
193 1302 333 1380 accessit,
372 1299 448 1383 quod
475 1298 549 1362 baec
575 1319 675 1379 sacra,
708 1319 771 1361 cum
799 1296 942 1384 principio
969 1319 1029 1363 nou
1055 1296 1117 1363 nisi
1137 1319 1157 1363 a
1175 1299 1319 1389 poncia

110 1383 343 1464 celebrarentur,
365 1384 488 1446 necllum
501 1383 630 1446 admissa
644 1390 746 1446 essent
766 1404 785 1445 a
805 1382 934 1461 civitate,
955 1382 1112 1447 inocculto
1133 1390 1319 1449 nocturu-

109 1469 286 1557 praesertim
308 1477 439 1556 tempore
461 1467 646 1531 colebantur:
670 1476 829 1530 nocturnae
851 1467 1010 1530 veroistae
1031 1466 1319 1555 pervigilatiouoa

110 1553 200 1616 etiam
220 1560 335 1640 postea,
358 1575 421 1616 cnm
434 1560 535 1616 esseut
555 1551 612 1615 bae
638 1551 802 1638 religiones
824 1551 855 1613 in
877 1550 1023 1616 civitatem
1045 1560 1195 1653 receptae,
1216 1574 1319 1619 set·-

109 1645 196 1701 vatae
216 1645 288 1701 sunt
308 1644 339 1701 et
359 1659 471 1701 summo
493 1637 589 1701 studio
607 1635 728 1719 cultae,
760 1637 802 1699 ita
823 1642 855 1700 nt
876 1635 1014 1701 facillime
1036 1637 1129 1703 auimr
1148 1638 1312 1705 mnen-

109 1730 178 1786 rent
198 1728 229 1785 et
249 1723 431 1786 lascivirent.

194 1805 282 1870 Haec
302 1807 439 1872 inchoata
460 1807 556 1894 magis
583 1828 668 1892 quam
694 1807 841 1896 perfecta,
873 1829 937 1873 cum
966 1815 996 1872 et
1016 1806 1110 1897 ipsios
1132 1808 1180 1873 rei
1200 1808 1292 1875 diffi-

110 1890 203 1955 cultas
226 1892 457 1976 obscuritasque,
479 1898 509 1955 et
529 1892 587 1955 loci
608 1892 764 1978 angustiae
785 1893 940 1974 obessent,
960 1892 1176 1981 praemittenda
1196 1892 1280 1977 eluxi,

110 1985 266 2062 autequam
299 1978 336 2041 de
369 1976 492 2041 consilio
520 1976 607 2039 huius
642 1977 760 2040 tabulae
787 1976 947 2043 Cratiueae
973 1999 1066 2067 pauca
1092 1978 1277 2045 subiicerent.

111 2059 294 2126 Asciverant
306 2062 384 2125 enim
394 2059 922 2143 tuucAtbeniensessacraBendidis,
943 2083 1018 2148 qnae
1029 2062 1274 2129 aTbraciburuc·

111 2152 260 2235 ceperant.
293 2145 370 2210 Cum
391 2146 447 2208 bac
467 2145 546 2208 enim
568 2152 657 2232 gente
679 2146 816 2211 diuturna
836 2148 975 2213 societate
996 2155 1026 2212 et
1046 2148 1176 2215 amicitia
1195 2152 1272 2215 erun

111 2252 146 2295 co
167 2229 252 2293 ulati:
292 2230 362 2293 hinc
389 2249 449 2292 nou
477 2229 581 2295 mirum
609 2238 656 2294 est
692 2231 768 2317 qnod
794 2232 868 2296 ritus
897 2253 1009 2319 quoque
1039 2240 1070 2297 et
1096 2254 1185 2299 sacra
1208 2230 1271 2297 inlu
1317 2264 1319 2270 r

112 2253 371 2381 Atlrenaslnerint
386 2314 540 2380 translata.
581 2314 785 2381 Memorabilis
797 2318 931 2405 inprimis
944 2326 990 2381 est
1001 2317 1067 2383 Hes
1080 2318 1149 2383 rcbii
1194 2338 1271 2385 orsu:
1317 2310 1319 2343 ¹

112 2400 266 2484 Δίλογχον
286 2398 342 2482 τὴν
365 2400 473 2463 Btvrlrv
493 2402 650 2484 Κρατῖνος
670 2402 702 2466 lv
720 2398 877 2486 Θράτταις
897 2398 1043 2483 ἐκάλεσεν,
1064 2340 1133 2485 icor
1190 2429 1202 2467 ι
1221 2400 1273 2467 tt·

113 2485 205 2567 τιμὰς
231 2482 426 2569 ἐκληρώσατο
457 2484 603 2568 οὐρανίαν
628 2511 661 2550 τε
686 2489 737 2549 καὶ
761 2467 894 2568 illectae
920 2484 1048 2597 (λόγχας
1072 2486 1132 2574 γὰρ
1152 2482 1275 2553 ἐκάλουν

112 2570 185 2649 τοὺς
206 2567 369 2656 κλήρους),
389 2570 408 2653 ἢ
431 2568 477 2635 ὅτι
499 2567 555 2636 oto
577 2568 688 2654 λόγχας
709 2570 793 2657 φέρει
814 2570 989 2655 κυνηγετικὴ
1012 2594 1106 2637 caca·
1129 2572 1160 2639 ui
1179 2572 1215 2637 δὲ
1234 2568 1276 2637 ὅτι

113 2652 170 2720 δύο
192 2663 283 2741 φῶτα
304 2655 379 2740 ἔχει,
410 2655 447 2720 τὸ
474 2655 552 2720 ἴδιον
582 2658 632 2719 καὶ
653 2661 709 2720 τοῦ
730 2654 835 2739 ἡλίου·
866 2656 922 2740 τὴν
942 2655 1001 2741 γὰρ
1023 2652 1152 2740 σελήνην
1170 2658 1277 2723 Btrrlrr

113 2744 164 2805 καλ
178 2740 321 2827 Ἄρτεμιν
343 2742 525 2821 νομίζουσιν.
568 2739 619 2805 Ex
645 2741 739 2805 trihus
760 2742 808 2806 his
828 2741 1119 2830 interpretationibus
1140 2740 1279 2824 temnit,

113 2848 188 2912 qnae
210 2826 247 2891 ad
269 2834 422 2891 externam
443 2826 517 2890 deae
538 2825 689 2890 Thraciae
710 2826 837 2916 speciem
859 2828 1045 2914 habitumque
1066 2834 1197 2917 spectat,
1229 2826 1280 2895 ni·

113 2913 193 2976 nime
216 2918 262 2976 est
282 2911 458 2976 reiicieuda:
480 2910 619 2975 vilentur
640 2910 719 2975 enim
740 2932 813 2975 sane
833 2911 981 3000 imagines
1003 2912 1076 2978 deae
1097 2913 1142 2977 ita
1160 2932 1280 3003 caprae·

113 2997 297 3077 sentavisse,
319 3003 351 3059 ut
373 3004 493 3079 utraque
515 3016 602 3059 mauu
622 2996 737 3060 hastam
756 3003 886 3082 gereret,
908 3017 1046 3082 quorsum
1057 2994 1282 3097 Cratinusque-

114 3103 171 3167 qne
197 3081 326 3145 sortasse
355 3081 518 3168 spectavit,
554 3102 618 3144 cum
639 3080 721 3144 illam
742 3082 882 3163 δίλογχον
904 3082 1078 3169 appellavit,
1109 3102 1210 3168 neque
1230 3096 1283 3147 rut-

112 3165 265 3255 probabile
287 3173 334 3229 est
354 3165 493 3228 comicum
515 3172 629 3312 poetam
660 3164 716 3228 boc
742 3166 834 3231 verbo
855 3166 984 3230 venandi
1005 3165 1133 3231 studium
1153 3166 1283 3233 maxine

114 3273 129 3314 s
150 3252 307 3332 ectavisse,
329 3249 464 3335 quoniam
475 3246 519 3313 At
540 3250 678 3314 enienser
695 3248 813 3314 Beudin
834 3258 954 3339 propter
974 3250 1200 3317 similitudinem
1220 3264 1285 3320 cun

112 3274 215 3399 iliona
237 3357 411 3424 componere
432 3334 580 3398 solebant:
618 3334 673 3398 sed
697 3356 762 3399 cnm
793 3356 853 3399 uon
874 3337 940 3425 ipsa
961 3334 1079 3402 Cratini
1098 3336 1195 3401 verba
1216 3356 1286 3401 cuu-
1314 3384 1317 3389 -

114 3427 234 3486 servata
261 3421 335 3501 sint,
369 3420 464 3484 omnis
490 3419 693 3508 interpretatio
721 3419 861 3507 ambigua
887 3427 934 3484 est
960 3427 991 3484 et
1014 3421 1139 3485 incerta.
1182 3420 1286 3487 'Plin-

114 3505 179 3569 ciae
208 3513 286 3569 certe
324 3504 396 3568 deae
430 3504 546 3592 imago,
586 3503 613 3567 si
639 3504 682 3567 ita
709 3505 767 3567 snit
787 3506 870 3585 ficta,
904 3510 937 3569 ut
964 3503 1037 3569 duas
1064 3505 1168 3571 hasim
1196 3524 1286 3571 mauu

115 3595 258 3678 gestaret,
280 3596 488 3674 nontauquam
508 3587 648 3652 venatrix
667 3586 709 3651 ita
730 3596 778 3653 est
797 3596 952 3669 exornata,
973 3590 1027 3655 sed
1048 3589 1287 3677 aliudquiclma·

115 3675 164 3761 gis
192 3673 374 3738 reconditum
410 3680 441 3736 et
471 3694 565 3759 grave
597 3672 653 3736 boc
683 3672 839 3738 simulacro
866 3674 1100 3757 significabatur.
1163 3672 1288 3741 Etenim

115 3781 180 3823 cum
211 3758 298 3823 buius
326 3757 500 3844 religionis,
546 3758 633 3821 sicuti
663 3765 844 3840 ceterarum,
885 3760 916 3824 id
943 3759 1020 3844 quod
1051 3758 1139 3823 morlo
1165 3759 1287 3849 siguifi-

115 3844 197 3926 cavi,
218 3845 292 3908 baec
313 3844 353 3907 eit
384 3842 548 3922 sententia,
579 3863 689 3906 numen
710 3863 778 3907 esse
800 3842 931 3908 divinum
953 3856 984 3907 et
1004 3844 1141 3909 interitus
1162 3864 1207 3911 ex

114 3950 213 3992 rernm
237 3936 333 3992 autem
354 3933 489 3990 naturam
516 3928 692 4011 omninoque
720 3927 835 4007 omnia,
863 3950 937 4013 quae
966 3927 1022 3993 sub
1043 3927 1146 3993 oculos
1166 3950 1205 3995 ca
1224 3936 1287 4011 aut,

115 4012 196 4077 fluxa
232 4033 300 4077 esse
336 4020 366 4076 et
398 4010 537 4097 fragilia:
587 4010 642 4076 sed
672 4011 705 4074 in
736 4010 793 4075 bac
825 4013 891 4101 ipsa
923 4034 1022 4078 rerum
1056 4013 1222 4081 mutatione
1257 4020 1288 4079 et

114 4098 319 4162 interemtione
352 4095 535 4160 divinitatem
567 4097 828 4180 aeternitatemque
860 4098 964 4179 cerni,
1011 4098 1149 4182 quoniam
1188 4100 1287 4191 ipsun

114 4182 187 4249 illud
220 4202 346 4263 numen,
394 4180 527 4265 quamvis
558 4187 650 4244 mutet
676 4188 707 4244 et
731 4180 857 4270 perimat
885 4191 1026 4247 externos
1052 4181 1122 4247 illas
1153 4184 1286 4265 somer,

114 4288 186 4353 quas
228 4267 430 4357 procreaverit
460 4272 491 4328 et
527 4264 612 4349 qnasi
648 4265 795 4348 induerit,
843 4284 960 4357 semper
990 4266 1142 4356 integrum
1169 4274 1203 4337 et
1238 4268 1286 4333 iu·
