2760 4792
36 3612 40 3619 '
148 3598 181 3661 in
197 3593 326 3681 Legatis
346 3594 379 3656 in
396 3592 570 3679 Hyperbolo
591 3598 683 3673 notat,
704 3592 734 3655 vi

133 220 198 287 392
520 202 924 277 COMMENTATIONES

136 383 210 450 Iexit
222 387 316 447 autem
329 379 558 458 Demosthenes,
569 383 601 440 ut
611 371 835 484 coniicio,illam
846 371 1034 459 legationem,
1046 382 1133 459 quom
1142 364 1299 473 Epicratps

136 469 173 534 ad
194 466 368 531 Tiribazum
388 463 533 550 suscepit,
553 461 671 549 Olymp.
691 458 833 527 xovul.
854 460 884 521 2.
917 454 1085 544 Epicratem
1113 476 1193 521 emm
1217 476 1300 557 prus

135 551 330 618 Antalcideae
361 569 513 612 suasorem
545 546 640 610 fuisse
667 543 766 632 prodit
792 541 960 607 Scholiasta
985 538 1145 622 Aristidis,
1188 564 1241 627 qur
1270 542 1304 605 in

135 634 356 704 Panathenaico
377 632 419 698 T.
440 633 464 696 I.
485 652 514 719 p.
535 632 599 695 283
620 629 665 693 ed.
688 627 793 691 Dindl.
815 626 885 691 (licit
905 625 1108 692 Athenienses
1129 634 1189 693 οισι
1210 650 1304 717 aegre

135 722 239 788 tulisse
259 718 462 805 ignominiam,
484 737 557 801 quae
578 714 651 863 ipsis
678 734 750 800 pace
771 710 948 777 Antalcidea
972 710 1057 775 illata
1076 720 1173 796 esset,
1199 721 1235 778 ut
1253 734 1305 777 au-

136 816 232 871 ctores
252 803 339 867 huius
366 801 496 866 foederis
518 821 590 887 supp
604 800 659 862 icio
687 796 856 861 all'ecerint:
891 794 983 860 Οῦτω
1002 794 1230 880 „aaronem
1253 798 1307 863 καλ

137 889 203 956 οῦδ
219 885 315 963 οῦτως
336 882 469 960 άπάσαις
489 893 557 958 τοῖς
577 881 697 967 ψήφοις
717 877 890 961 ῦπίμειναν,
910 879 990 944 otta
1002 886 1065 945 τῶν
1083 905 1118 966 γε
1136 878 1307 947 πεισάντων

136 976 336 1058 κατέγνωσαν,
357 967 516 1055 ἧγοῦμενοι
537 967 623 1050 παρὰ
641 967 698 1049 την
719 963 821 1029 αῦτῶν
841 960 916 1029 είναι
933 962 1027 1051 φῦσιν
1046 968 1098 1031 καλ
1119 964 1156 1031 οῦ
1177 966 1307 1047 θεμιτὸν

136 1058 197 1144 πρδ
226 1063 287 1122 τῶν
317 1056 473 1142 τροπαίων
507 1049 643 1117 ὁντινοῦν
674 1056 736 1115 τῶν
759 1046 919 1132 Ἐλλήνων
943 1050 1097 1133 βασιλίων
1127 1048 1307 1136 ἀκροᾶσθαι

136 1148 342 1229 συγχωρήσαι.
374 1141 425 1204 ubi
445 1139 627 1204 Scholiasta:
657 1138 713 1211 Εἷς
730 1131 920 1218 Ἐπικράτην
940 1136 1116 1212 αίνίττεται,
1137 1132 1172 1213 ῦς
1191 1134 1307 1203 ἔπεισεν

134 1228 318 1312 Ἀθηναίους
351 1224 393 1290 δι’
424 1222 519 1306 ἅσπερ
554 1222 641 1303 ἴσμεν
668 1221 768 1296 αἰτίας
799 1220 952 1295 δέξασθαι
983 1220 1040 1304 τὴν
1070 1220 1203 1306 εἰρήνην.
1243 1222 1308 1289 ΙοΙι

137 1314 247 1413 omnia,
268 1332 343 1397 qnae
364 1309 426 1407 sibi
443 1308 596 1373 adversari
608 1305 791 1405 videbantur,
813 1306 920 1393 optime
941 1313 1122 1405 congruunt:
1143 1314 1217 1457 lm·
1231 1306 1309 1373 hanc

138 1393 526 1567 {Ettttttilttt
546 1411 757 1541 tthttth}
777 1397 932 1540 tt‘tlh
953 1390 1308 1543 iulii-illihic?

140 1574 236 1632 autem
264 1585 324 1628 non
351 1563 468 1628 videtur
494 1561 590 1626 denuo
610 1559 810 1623 Phormisium
839 1560 867 1623 le
891 1560 998 1624 ationis
1026 1561 1137 1625 semum
1157 1561 1309 1647 michee,

140 1652 283 1750 siquidem
304 1648 413 1733 aliquot
433 1667 528 1711 annos
548 1652 615 1734 post
635 1644 753 1732 Olymp.
775 1643 843 1708 (λλ
863 1581 1050 1710 Phormisius
1070 1646 1150 1712 inter
1169 1666 1223 1713 eos
1242 1648 1309 1731 fuit,

141 1757 190 1822 qm
210 1733 348 1814 Boeotis,
376 1755 440 1796 cum
461 1730 620 1797 Cadnream
643 1734 850 1816 expugnarent
869 1728 1229 1818 Lacedaemoniorumque
1251 1732 1310 1799 im-

140 1821 254 1910 perium
274 1817 413 1883 tollerent
432 1816 563 1881 subsidio
584 1821 740 1895 venerunt,
760 1813 820 1877 vil.
840 1813 1011 1880 Dinarchus
1031 1816 1064 1879 in
1084 1813 1308 1885 Demosth38=

146 1902 241 1970 Αλλὰ
267 1903 355 1977 ταυτί
376 1900 414 1966 τὰ
435 1900 545 1983 μικρὸν
570 1899 630 1982 πρὸ
656 1904 711 1979 της
731 1896 880 1981 ἦμετίρας
905 1894 1025 1980 ἡλικίας
1048 1902 1229 1984 γεγενημένα
1248 1896 1309 1967 hut

141 1987 290 2071 Κεφάλου
310 1992 366 2052 Ἰτοῦ
389 1984 517 2069 ῥήτορος
538 1986 588 2047 καὶ
606 1980 773 2065 Θράσωνος
793 1988 848 2046 τοῦ
866 1982 1014 2066 Ἐρχιέως
1035 1987 1086 2048 καλ
1100 1980 1211 2051 Ἡλίου
1228 1990 1310 2071 Φορ-

141 2074 247 2156 μισίου
274 2072 424 2157 (fortasse
458 2072 509 2133 καὶ
545 2068 795 2151 Θρασυδαίου
820 2068 967 2133 Ἠλείου
1001 2072 1063 2133 κοιλ
1093 2072 1309 2155 Φορμισίου

141 2158 300 2246 legendum
321 2158 404 2238 est),
431 2157 481 2216 καὶ
503 2152 613 2236 ἓτίρων
634 2150 925 2235 ἀνδριῦνάγαθῶν,
951 2143 995 2218 ὧν
1015 2154 1101 2219 ἐνίων
1121 2152 1166 2220 ἔτι
1186 2156 1238 2221 καί
1257 2160 1311 2221 νῦν

142 2245 178 2327 ζῇ
198 2242 237 2305 τδι
257 2237 402 2321 σώματα·
431 2234 548 2300 τούτων
567 2237 626 2318 γὰρ
648 2237 677 2299 oi
697 2236 754 2316 μὲν
774 2237 1007 2346 φρουρουμένης
1026 2236 1087 2303 enh
1107 2241 1311 2323 Λακεδαηιο-

142 2332 215 2392 νίων
245 2330 301 2405 τῆς
334 2324 496 2401 Καδμείας
526 2319 740 2403 βοηθήσαντες
770 2330 834 2396 τοῖς
866 2324 908 2399 εἷς
936 2324 1046 2407 Θηβας
1080 2330 1221 2391 κατιοῦσι
1249 2328 1311 2393 νῦν

143 2406 290 2497 φυγάδων
310 2416 373 2483 τοῖς
394 2409 483 2482 ἰδίοις
503 2403 653 2481 κινδύνοις
672 2405 890 2490 ἠλευθέρωσαν
910 2404 998 2472 πόλιν
1018 2408 1228 2493 ἀστυγείτονα.

226 2494 270 2560 At
290 2493 444 2581 Epicrates
472 2498 502 2556 et
522 2490 708 2555 Phormisius
735 2492 791 2555 etsi
816 2492 941 2594 primum
970 2515 988 2557 a
1013 2492 1158 2559 iudicibus
1185 2494 1320 2561 absoluti

144 2588 221 2655 sunt,
244 2600 280 2643 eo
323 2579 457 2641 rariores
478 2597 589 2676 poenas
610 2576 727 2640 comicis
768 2584 841 2641 octus
864 2577 1017 2659 dederunt,
1038 2583 1069 2642 et
1088 2578 1176 2645 Plato
1197 2580 1312 2665 quiden

143 2666 175 2730 in
197 2665 252 2728 hac
273 2600 374 2726 Ialula
393 2663 425 2725 iu
445 2662 512 2725 istus
532 2661 679 2740 versibus,
700 2597 804 2745 quilius
825 2662 884 2725 iam
905 2683 995 2751 supra
1016 2684 1087 2728 usus
1108 2685 1191 2747 suun,
1211 2672 1312 2755 aperte

145 2751 214 2814 illos
237 2748 307 2813 dicit
328 2770 346 2811 a
367 2746 529 2811 Persarum
550 2765 624 2831 rege
645 2766 730 2809 corru
752 2752 796 2809 tos
818 2767 900 2810 esse:

228 2831 413 2910 Κατέλαβον
430 2826 619 2911 Ἐπικράτης
639 2852 671 2892 τε
692 2767 750 2893 καί
762 2831 932 2912 Φορμίσιος

230 2915 328 2994 Παρδι
348 2921 405 2980 τοῦ
425 2914 576 2995 βασιλέως
596 2917 723 2977 πλεῖστα
745 2910 999 2999 δωροδοκήματα,

226 2999 391 3086 Ὀξῦβαφα
409 3004 512 3081 χρυσᾶ
533 3001 585 3062 καλ
606 2999 800 3073 πινακίσκους
820 2998 984 3083 ἀργυροῦς.
1268 3036 1273 3045 ·

145 3086 282 3153 Pertinet
302 3106 372 3150 vero
400 3085 502 3150 eodem
530 3084 617 3148 etiam
641 3083 714 3147 illuc
740 3083 938 3170 fragmentum
971 3085 1048 3150 autl
1067 3084 1256 3153 Athenaeum
1273 3084 1313 3155 X.

145 3194 175 3261 p.
196 3170 262 3237 4‘24
281 3170 327 3235 A:
370 3167 508 3234 Κύαθον
540 3166 571 3232 δ’
600 3169 649 3232 ἐπὶ
679 3172 735 3231 τοῦ
760 3165 950 3254 ἀντλητῆρος
977 3106 1109 3234 Κλάτων
1141 3170 1258 3257 εἴρηκεν
1281 3174 1313 3237 δν

148 3254 254 3320 Φάωνι
277 3251 426 3330 οῦτως-
447 3256 499 3317 καὶ
520 3253 552 3317 ὲν
571 3252 760 3338 Πρίσβεσιν·
782 3250 935 3330 linteam
956 3251 1047 3331 ῦσους
1066 3254 1228 3323 tauma*
1244 3252 1313 3323 isit·

147 3364 245 3409 στοτε.
287 3340 375 3404 Plato
395 3340 438 3402 ita
458 3338 574 3402 videtur
595 3338 764 3425 scripsisse:

234 3421 387 3499 Κυάθους
409 3421 500 3499 ὅσους
520 3423 696 3505 ἐκλεπτέτην
717 3416 870 3487 tutorem.

148 3533 222 3598 quae
244 3510 281 3574 de
294 3508 433 3596 Epicrate
454 3507 662 3572 etPhormisio
684 3507 854 3656 accpioepptla
874 3514 956 3656 spntz
978 3509 1203 3659 slmIillpacrimen
1212 3510 1314 3577 Leno

755 3640 763 3657 .
817 3614 849 3656 es
873 3614 889 3657 c
910 3615 956 3658 uus
977 3615 1005 3659 v.
1095 3620 1165 3661 πιε

229 3674 337 3761 Ἀτάρ,
359 3668 384 3739 ὦ
405 3673 592 3758 Μεγάκλεες,
615 3671 709 3739 οἶσθά
731 3701 808 3759 που,
865 3674 996 3756 αάπιδος
1130 3619 1146 3674 ς

226 3761 417 3844 Ὑπίρβολος
437 3760 628 3841 τάκπιιίμιιτα
649 3758 858 3843 κατεδήδοκεν.

150 3850 264 3915 Eodem
284 3848 383 3912 relero
405 3847 492 3911 etiam
513 3846 597 3927 illud,
619 3844 694 3930 quod
712 3854 758 3910 est
778 3846 1131 3937 apudllnrpocretionem
1172 3848 1316 3931 .27,1u:

146 3929 428 4016 Ἀποκηρῦττοντες,
449 3928 516 3993 ἀντὶ
538 3935 592 3993 τοῦ
614 3927 845 4013 πιπράσκοντες.
866 3930 1075 4016 Δημοσθένης
1094 3958 1136 4000 κα
1179 3932 1318 4021 Ἀριστο-

151 4017 298 4103 κράτους·
321 4013 456 4079 Πλάτων
476 4015 667 4095 Πρέσβεσιν·
1309 4048 1314 4061 ·

237 4097 390 4185 Σκευάρια
412 4099 451 4182 δή
472 4100 589 4180 κλίψος
611 4097 775 4186 άπεκήρυξ’
798 4098 944 4185 ἓκφίρων.

153 4184 314 4261 ἐπώλησεν.
357 4184 398 4248 Et
415 4252 418 4257 ,
437 4191 537 4271 ropter
557 4206 694 4272 magnam
715 4207 778 4250 cum
799 4184 855 4250 hoc
875 4184 1022 4251 versiculo
1042 4184 1261 4255 similitudinem
1280 4188 1321 4259 ul

153 4271 277 4339 eandem
304 4206 471 4335 musellae
501 4275 615 4357 partem
642 4269 731 4334 etiam
756 4268 830 4334 Illud
855 4270 972 4354 refero,
1003 4270 1082 4357 quoti
1106 4272 1173 4339 siue
1198 4274 1322 4341 lahslite
