2768 4770
274 192 334 256 on
355 192 497 268 numo.
520 191 997 270 cenomannorum.
1112 173 1114 179 ‘
1153 199 1219 267 aas

80 383 101 427 o
126 383 163 426 ue
177 361 209 424 in
219 358 371 449 Fugitiuis
384 361 446 424 27:
457 360 495 424 ln'
515 361 654 426 mulieres
668 369 763 427 autem
777 361 917 428 Cratinus
939 363 998 427 alia
1008 383 1122 450 quoque
1142 366 1216 432 satis

78 383 148 513 οἰδα
170 447 259 527 dixit,
291 446 333 509 uti
359 445 433 510 illud
454 447 529 530 quod
558 454 605 510 est
631 447 707 535 apud
729 447 926 536 Hesychium:
953 448 1154 532 Ἀνεξικῶμη,
1180 442 1218 530 ἧς
1311 528 1314 533 Ι

78 530 102 596 ιτ
127 528 195 616 (ἀν)
218 526 382 612 ἀνάσχοιτο
404 527 460 612 ὅλη
487 527 590 612 κῶμηε
618 554 686 597 nem
709 533 736 595 si
762 541 841 596 recte
868 533 1008 633 expedio,
1038 536 1081 599 ita
1101 539 1217 602 vocavit

78 617 227 698 nlierem,
252 637 326 701 quae
346 614 396 679 vel
416 616 504 679 totius
525 617 596 704 pagi
618 617 756 704 impetum
778 625 808 681 et
828 619 960 682 oonvroia
981 622 1133 685 sustineat.
1175 622 1217 686 Et

78 723 186 768 racem
207 702 272 765 sive
291 701 384 764 virum
405 701 469 764 sive
490 701 630 766 feminam
652 703 748 789 lepido
767 699 1034 786 γαστροχάρυβδιν
1049 705 1135 788 dixit,
1158 708 1217 773 viu.

78 786 216 875 rrynich.
236 783 375 850 Bekkeri
396 784 437 849 Τ.
459 784 483 850 Ι.
505 808 533 872 p.
555 786 614 866 33,
637 788 693 852 18:
716 790 747 849 Γ
749 784 1065 871 αστροχάρυβδις
1085 791 1137 855 ἐπὶ
1154 796 1217 855 τῶν

78 867 274 938 τεσάιόντων
295 872 451 956 Κρατῖνος
471 865 560 935 εἶπεν.
599 869 761 960 Compares
782 872 978 960 Hipponactis
1005 896 1112 942 versus
1139 877 1216 966 apud

78 959 237 1023 dionaeum
258 954 326 1023 XV.
347 977 375 1043 p.
396 956 463 1020 698
482 955 526 1020 B:

131 1035 254 1106 Μοῦσά
275 1065 329 1121 μοι
352 1035 649 1121 Εὐρυμεδοντιάδεα,
671 1039 728 1122 τὴν
748 1037 1001 1126 ποντοχάρυβδιν,

91 1127 95 1132 ’
129 1126 203 1206 ,Τὴν
223 1122 536 1210 ἐγγαστριμάχαιραν,
559 1123 592 1200 δς
613 1127 710 1190 ἐσθίει
731 1124 767 1189 οὗ
790 1125 869 1189 κατδ
889 1123 1015 1207 κόσμον,

123 1207 263 1294 Ἔννεφ’,
286 1207 367 1286 ὅπως
388 1212 504 1294 ψηφῖδι
531 1216 609 1294 κακῇ
631 1209 724 1274 κακόν
746 1207 827 1274 οίτον
848 1209 967 1297 όληται,

131 1297 241 1378 Βουλῇ
263 1295 396 1380 δημοσίη
418 1293 504 1377 παρὰ
525 1294 591 1358 θῖν’
611 1292 685 1371 ἁλὸς
705 1294 892 1383 ἀτρυγέτοιο.
919 1329 921 1333 ·

78 1396 123 1463 de
144 1393 377 1483 Aristophanem
396 1397 429 1459 in
450 1395 549 1480 Equit.
570 1417 599 1460 r.
621 1396 699 1462 247:

131 1483 215 1543 Παῖε
235 1489 306 1543 παΐε
326 1481 379 1544 τόν
400 1488 573 1566 πανοῦργον
595 1484 645 1545 καὶ
666 1477 974 1566 ταραξιππόστρατον

132 1567 199 1628 Καὶ
219 1561 351 1647 τελώνην
373 1569 422 1628 καί
444 1563 589 1652 φάραγγα
611 1568 662 1629 καὶ
676 1564 844 1653 Χάρυβδιν
863 1565 1013 1652 ἁρπαγῆς.
1032 1613 1033 1617 ,

78 1667 97 1731 ἀ
124 1667 226 1730 nescio
253 1688 292 1729 an
318 1662 491 1751 φάρυγγα
521 1667 728 1754 corrigendum
756 1669 804 1733 sit.
847 1666 992 1734 Similiter
1016 1668 1232 1737 Pherecrates·

78 1752 273 1845 χαρυβδίζειν
295 1751 370 1816 dixit
391 1753 422 1815 in
445 1749 612 1842 Cropatalis
634 1751 711 1840 apud
731 1750 843 1818 Athen.
864 1752 918 1819 xl.
938 1776 968 1843 p.
988 1752 1052 1823 485
1073 1754 1131 1840 Dr·

134 1856 210 1917 Τῶν
227 1856 350 1916 θεατῶν
371 1851 415 1930 δ’,
438 1847 484 1928 οἷς
503 1876 564 1916 τισι
587 1851 657 1935 δίηί

102 1927 195 2014 Ἧι,
216 1937 370 2020 λεπαστὴν
390 1935 582 2018 λαιμαμίνοις

113 2019 265 2104 Δ·1ίίτστδγν
285 2023 515 2109 ἐκχαρυβδίσαι.
873 2087 876 2091 ,
1046 2082 1050 2087 .

78 2124 191 2189 tatinus
222 2128 317 2188 autem
349 2125 420 2188 talia
446 2124 537 2188 multa
562 2122 680 2188 ridetur
709 2123 885 2207 uomuisse,
916 2145 957 2191 ex
987 2124 1093 2212 quihus
1122 2147 1217 2218 pauca

78 2209 190 2275 raedam
217 2210 348 2272 servavit
372 2210 580 2296 Phrynichus,
613 2231 702 2297 saepe
728 2231 789 2274 non
817 2210 929 2275 adiecto
955 2217 1059 2298 poetae
1085 2214 1216 2281 nomine.

78 2316 97 2362 e.
113 2293 232 2359 Cratini
253 2314 321 2358 esse
341 2295 473 2376 violetur,
495 2295 572 2379 quod
593 2294 704 2381 legitur
724 2316 753 2383 p.
773 2295 828 2376 58,
849 2297 909 2361 33:
935 2299 974 2360 11
978 2292 1214 2403 οντοφάρυξ·

91 2402 141 2454 τις
159 2377 304 2458 βούλοιτο
332 2375 479 2443 σκάπτειν
504 2377 571 2443 τινὰ
598 2376 754 2460 ἀπληστον
780 2383 830 2443 καὶ
855 2377 972 2465 φάγον,
1003 2378 1049 2447 ὅτι
1070 2408 1090 2466 η
1112 2380 1216 2470 φάρυξ

78 2461 100 2527 ἀ
125 2461 162 2527 τό
189 2463 320 2546 μέγεθος
347 2461 467 2546 πελάγει
495 2461 598 2526 ἔοικεν.
641 2462 682 2526 Et
707 2464 837 2527 fortasse
864 2486 904 2529 ex
924 2466 1027 2535 eodem
1046 2467 1104 2532 hoo
1128 2475 1216 2557 poeta

78 2547 168 2613 rtitum
189 2555 236 2612 est
257 2549 332 2634 quod
353 2549 464 2635 legitur
482 2548 553 2612 ibid.
574 2568 603 2635 p.
625 2549 679 2630 61,
702 2550 735 2613 1:
769 2544 951 2632 Ποντοκόκη
972 2546 1063 2634 γυνή,
1091 2547 1111 2634 ἦ
1134 2551 1216 2618 οὕτω

78 2638 235 2718 ινοῶργος,
263 2629 376 2709 ῶς-καὶ
403 2631 458 2714 τὴν
478 2630 641 2696 θάλατταν
668 2639 778 2697 κυκῶν·
814 2629 856 2709 ῶς
877 2631 1170 2717 πηξιδάλαττα,
1195 2634 1215 2720 ἡ

78 2716 289 2796 presterum
310 2722 404 2799 πῆξαι
427 2717 597 2800 δυναμένη,
616 2714 725 2800 ἣκιστα
746 2718 955 2803 πηγνυμίνην·
983 2722 1033 2783 καί
1053 2722 1103 2786 ἐπὶ
1124 2719 1216 2807 lippe·

78 2828 98 2878 r
117 2801 154 2867 τὸ
176 2800 282 2883 ὅμοιον
303 2805 388 2886 ἐρεῖς.
410 2803 451 2866 Et
472 2804 569 2868 fictum
590 2820 698 2867 nomen
719 2812 780 2885 est,
801 2804 879 2890 quod
900 2827 939 2869 ox
956 2803 1080 2871 Cratino
1092 2808 1216 2958 profert

78 2888 233 2974 esychius:
266 2884 373 2964 Λεξῶ·
406 2884 422 2951 ὃ
445 2891 598 2974 Κρατῖνος
619 2887 886 2972 ῶνοματοποίησεν
911 2888 973 2955 ἀπδ
994 2893 1091 2956 τοῦδ

78 2978 153 3058 δραι
175 2973 288 3037 notavit
301 2975 379 3038 euim
392 2974 487 3038 virum
509 2974 634 3059 aliquem
648 2970 829 3074 popularem,
851 2974 901 3058 qui
913 2975 998 3040 donis
1012 2998 1046 3041 se
1067 2979 1215 3065 corrumpi

78 3064 210 3123 utereturz
240 3080 361 3145 prorsus
407 3080 527 3122 ormana
553 3066 623 3123 sunt
646 3060 699 3124 rlla
725 3059 845 3122 nomina
865 3057 969 3144 Δωρο)
991 3069 1021 3127 et
1039 3059 1214 3142 Ἐμβλεπῶ,

77 3142 226 3207 lesura
252 3165 281 3230 p.
302 3145 353 3208 69.
384 3080 513 3208 gFictum
539 3145 717 3214 vocabulum,
739 3152 785 3208 est
810 3144 1019 3224 βαδισματίας
1046 3145 1123 3234 apud
1143 3146 1216 3212 Pol-

78 3247 140 3292 eem
166 3163 222 3290 ill.
243 3230 300 3292 92:
333 3228 519 3303 Βαδιστικδς
544 3231 630 3312 παρῶ
648 3224 876 3312 Ἀριστοφάνει,
907 3226 994 3313 παρά
1015 3229 1049 3292 δὲ
1068 3231 1216 3320 Κρατίνῳ

78 3312 268 3392 ιδισματίαςε
302 3313 346 3378 sic
372 3321 452 3378 recte
484 3313 547 3378 eol.
579 3314 730 3400 Iungerm.
758 3320 788 3376 et
807 3312 915 3395 Voss,
944 3312 1037 3400 uulgo
1062 3312 1214 3397 βάδισμα.

78 3397 191 3461 usmoli
212 3404 306 3462 autem
322 3399 467 3465 uocabula
487 3399 621 3487 plurima·
634 3397 710 3486 apud
731 3397 857 3465 comicos
868 3399 1065 3486 reperiuntur.
1084 3399 1217 3467 Noverit

78 3502 118 3546 ero
141 3480 282 3546 Cratinus
305 3485 392 3547 etiam
413 3483 486 3548 illud
508 3479 911 3564 πισσοκωνίαςῖΆρης,
931 3484 974 3548 ita
995 3484 1075 3551 enim
1094 3488 1172 3552 eorri
1197 3508 1215 3554 o

78 3565 123 3631 lod
143 3566 256 3654 legitur
277 3569 353 3655 apud
375 3567 533 3634 Scholiast
554 3568 679 3634 Homeri
699 3569 735 3634 ll.
757 3571 794 3631 Σ.
815 3568 898 3634 5212
915 3561 961 3632 ‘H
977 3567 1065 3653 ἀξίνη
1086 3594 1165 3637 συστ
1198 3610 1216 3625 -
1238 3656 1239 3660 Ἰ

78 3668 147 3733 ιτδ
163 3656 206 3745 α,
232 3665 317 3753 παρά
343 3695 375 3733 τε
396 3668 432 3733 τδ
469 3668 536 3753 ἀρῶ
563 3672 614 3734 καὶ
642 3669 765 3754 ἀρῶμαι
792 3669 959 3751 ἐκτείναμεν
992 3666 1089 3754 ἀνομα
1109 3669 1214 3759 Ἄρην,

78 3755 242 3829 σσοκονίας
261 3752 369 3837 Ἄρην·
400 3757 564 3840 Κρατῖνος.
591 3757 687 3843 ipsum
714 3754 793 3819 enim
818 3753 986 3821 Mauortem
1012 3761 1217 3835 πισσοκωνίαν

78 3840 178 3920 eavit,
206 3840 379 3926 significans
401 3841 573 3929 supplicium
595 3862 711 3922 eorum,
733 3841 781 3925 qui
802 3841 867 3930 pire
888 3841 972 3906 obliti
992 3843 1215 3909 comburanturr

78 3971 83 3987 .
105 3922 294 4010 Hesychius:
325 3927 555 4002 Πισσοκωνίας·
578 3924 749 4006 Ἡρόδοτος
768 3927 985 3991 Πισσοκιονίαν
1005 3923 1085 3992 εἶπεν
1105 3928 1158 3992 διά
1177 3929 1215 3994 τδ

78 4007 250 4098 ἰ-πρόβατα
278 4012 371 4097 πίσσῃ
392 4012 546 4095 χρίεσθαι.
588 4012 639 4075 ulri
668 4018 718 4075 aut
744 4007 1132 4099 corrigas‘l‘lpo'almpog,
1183 4015 1214 4080 ui

100 4094 177 4159 alias
210 4094 352 4161 Cratinea
383 4097 525 4161 vocabula
551 4096 761 4185 interpretatus
782 4106 845 4178 est,
886 4095 956 4161 ride
986 4117 1078 4186 supra
1109 4120 1139 4188 p.
1160 4035 1215 4180 δᾶ,

78 4184 95 4242 rt
124 4180 152 4244 si
172 4180 250 4244 forte
276 4182 332 4245 hoo
353 4182 471 4247 dubium
499 4182 554 4263 sit,
581 4178 776 4264 Ζηνόδοτος,
809 4201 981 4270 quamquam
1001 4183 1039 4250 tle
1059 4181 1214 4250 Zenodoto

78 4264 164 4331 ratini
184 4265 347 4356 interprete
367 4267 443 4334 nihil
462 4267 604 4335 inaudivi.
923 4290 930 4297 ·

1103 2898 1218 2973 χτσδαι
