2760 4792
167 224 232 302 tao
386 278 389 283 -
461 228 464 233 ’
547 228 952 303 communnomnnns
1065 288 1068 292 .

251 404 357 470 Γελών
377 396 410 468 δ’
433 398 613 468 ίπνιουίλινα
633 402 685 467 καλ
706 399 947 485 κοσμοσάνδαλα
966 401 1091 484 βαίνων,

243 486 351 574 Ἔγχει
371 482 508 568 κάπιβάα
528 488 632 572 τρίτον
652 487 759 552 παιών’
770 535 780 565 ,
803 485 846 565 ὡς
865 486 962 570 νάμυς
981 490 1072 554 ἐστίν.

166 594 235 640 nam
255 575 305 639 bic
326 592 438 659 qnoque
458 572 657 638 Pherecrates
687 574 785 662 tangit
804 573 940 639 imaum
961 573 1043 639 illam
1063 574 1213 641 variorum
1232 574 1342 647 florum

165 659 368 748 cupiditatem,
404 678 479 742 qnae
505 657 735 723 Atheniensium
765 658 879 723 animos
913 668 1122 748 occupaverat:
1165 682 1342 749 quemqnam

165 752 262 809 autem
292 743 435 807 orationis
464 743 656 808 conformatio
682 743 803 808 multum
830 744 978 833 discrepat
998 745 1035 808 ab
1062 746 1110 810 his
1132 745 1250 813 cratim
1269 758 1343 817 τοτὲ

164 831 264 910 sibus,
285 827 323 892 de
344 828 448 913 quibus
469 827 559 892 dixit:
571 828 624 977 ἕω
687 850 706 892 n
725 829 804 894 euim
819 828 975 894 intercedit
986 830 1145 896 similitudo
1164 833 1244 898 inter
1263 833 1341 903 buce

105 994 107 999 Ι
162 914 472 1068 {prpremamepfiappue
491 913 551 979 ista
600 933 657 1003 upo
669 913 737 978 idea
761 914 795 979 in
815 913 1029 980 Adulatonibns
1051 917 1129 1006 apud
1149 916 1341 987 Athenaeum

239 1019 298 1158 “Ide
313 1084 462 1166 Χαρίτων
481 1080 538 1162 μὲν
557 1077 627 1161 ὄζει,

248 1168 455 1247 Καλλαβίδας
474 1167 509 1230 δὲ
527 1167 636 1246 βαίνει,

248 1253 434 1334 Σησαμίδας
454 1251 489 1314 δὲ
506 1250 594 1334 χέζει,

249 1342 351 1420 Μῆλα
373 1337 407 1400 δὲ
425 1335 636 1421 χρίμπτεται.)

163 1429 263 1488 tamen
282 1423 357 1486 haec
378 1442 490 1507 quoque
512 1422 548 1485 ab
559 1418 789 1486 Atheniensium
809 1421 1020 1487 cousuetudine
1035 1421 1171 1511 cultuque
1190 1426 1338 1497 hmlntu

164 1514 234 1572 sunt
253 1507 381 1592 fecitque
401 1507 457 1570 hoc
477 1505 675 1570 Pherecrates
698 1506 785 1570 etiam
807 1506 874 1571 aliis
900 1508 932 1571 iu
953 1506 1082 1589 fabulis,
1103 1512 1189 1577 utin
1206 1534 1244 1580 ea
1260 1534 1338 1603 qnno

162 1594 337 1667 Μεταλλεῖς
356 1591 543 1672 inscribitur,
565 1612 611 1680 ap.
632 1589 819 1655 Athenaeum
839 1590 908 1660 XV.
928 1610 957 1680 p.
979 1592 1043 1658 685
1062 1591 1107 1658 B:

241 1675 312 1740 ‘Yn’
336 1673 569 1761 ἀναδενδράδων
591 1671 711 1751 ἁπαλὰς
731 1672 939 1752 ἀσπαλάθους
958 1681 1125 1756 πατοῦντες

242 1759 301 1826 Ἔν
321 1766 442 1842 λειμῶνι
468 1757 654 1848 λωτοφόρῳ,
676 1757 817 1844 κάπειράν
838 1786 870 1825 τε
892 1757 1051 1847 δροσώδη,

244 1844 457 1931 Κάνθράσκου
476 1850 626 1928 μαλακῶν
647 1841 672 1909 τ’
696 1844 750 1909 ίων
769 1845 898 1927 λείμακα
919 1847 971 1911 καλ
991 1839 1172 1933 τριφάλλυυ.

160 1931 203 1999 Et
228 1940 293 1997 erat
317 1931 446 1997 Athenis
473 1932 547 1996 foris
578 1952 648 2019 pars
674 1952 735 1995 nou
760 1931 921 2018 ignobilis,
953 1932 1004 1996 nbi
1029 1932 1120 1998 flores
1147 1941 1178 1999 et
1204 1932 1337 2003 mmmm

160 2018 377 2083 vendebantur:
404 2017 539 2081 solebant
570 2023 666 2079 annm
692 2015 725 2078 iu
746 2016 799 2079 illo
821 2015 885 2080 loco
910 2016 1045 2081 homines
1066 2019 1154 2084 odosi
1175 2026 1206 2084 et
1224 2018 1338 2087 delion·

160 2103 216 2168 toli
236 2103 395 2167 convenire
417 2108 447 2165 et
466 2099 667 2165 confabulari:
690 2100 788 2187 tangit
807 2100 885 2164 hano
905 2102 1146 2172 consuetudinem
1165 2104 1337 2173 Pheretn-

161 2194 206 2253 tes
227 2187 260 2251 in
280 2186 375 2251 Bonis
396 2185 575 2257 Hominibus
605 2205 651 2272 ap.
671 2182 784 2249 Athen.
803 2183 871 2253 XV.
891 2205 921 2273 p.
942 2185 1006 2253 685
1025 2185 1068 2252 B:

244 2267 444 2351 Λουσάμενοι
466 2269 501 2332 δέ
521 2266 580 2354 πρὸ
604 2272 748 2350 λαμπρᾶς

240 2351 377 2439 Ἡμέρας
398 2356 431 2418 ἐν
450 2363 515 2430 τοῖς
535 2349 786 2437 στεφανώμασιν,
813 2351 844 2418 οἶ
863 2350 896 2418 δ’
919 2354 952 2419 ἓν
971 2358 1017 2444 τῷ
1035 2352 1129 2447 μώρῳ

242 2443 377 2504 Λαλεῖτε
395 2441 466 2524 περὶ
486 2438 678 2523 σισυμβρίων
697 2434 959 2519 κοσμοσανδάλων
982 2462 1025 2506 τε.

161 2534 191 2592 et
210 2524 427 2616 Aristophanes
447 2526 480 2590 iu
500 2524 616 2589 Eccles.
636 2544 666 2590 v.
687 2524 767 2591 301:

358 2607 470 2675 -Ὅσοι
493 2609 552 2694 πρὸ
573 2613 629 2672 τοῦ

244 2693 335 2769 Μίν,
356 2690 435 2775 ἡνίκ’
459 2693 518 2758 ἔδει
540 2699 646 2774 λαβεῖν

240 2776 377 2843 'moon’
402 2779 514 2860 ὀβολὸν
533 2776 629 2860 μόνον

244 2867 395 2946 Καθῆντο
416 2870 594 2942 λαλοῦντες,

240 2948 293 3012 Ἕν
313 2957 378 3025 τοῖς
397 2946 643 3036 στεφανώμασιν.

158 3035 233 3101 Item
253 3035 368 3117 forum,
393 3037 444 3100 ubi
465 3057 504 3100 un
548 3042 617 3099 enta
637 3031 879 3117 veneticorum,
905 3033 1029 3101 iuvenes
1050 3033 1169 3102 debenti
1188 3035 1332 3125 fraqum-

158 3128 224 3186 tare
245 3119 396 3202 solebant,
421 3121 481 3186 vid.
502 3056 657 3208 Idismph.
678 3116 753 3230 Eqp.
774 3138 804 3183 v.
826 3120 925 3185 1372:

246 3205 297 3269 Τά
318 3201 461 3289 μειράκια
481 3208 570 3269 ταυτί
591 3204 682 3289 λέγω·
703 3227 762 3267 ταν
782 3208 827 3292 τῷ
846 3201 946 3294 μώρῳ,

233 3287 272 3357 Ἄ
292 3296 495 3373 στωμυλεῖται
514 3291 614 3354 τοιαδί
635 3287 808 3371 καθημένω

157 3374 271 3527 Εοιὲφρ
292 3398 307 3440 s
327 3383 425 3442 ectant
440 3375 633 3441 Pherecratis
653 3394 758 3440 versus
779 3375 813 3438 in
831 3372 1000 3463 Pervigilio
1021 3373 1223 3464 apndAtben.
1242 3370 1330 3441 XIII.

159 3665 245 3732 quara
263 3647 328 3702 mihi
350 3647 456 3718 quidem
479 3647 645 3729 scribendum
667 3646 772 3701 videtur
788 3642 999 3718 προσκυνῶν
1022 3641 1054 3697 δὲ
1070 3643 1181 3698 σίλιναε
1204 3643 1278 3714 qnod
1292 3654 1331 3725 τεο·

157 3734 277 3865 biiii
291 3712 1331 3901 tibtt¹tb²dtbbddtttdbt⁰btbtttj‘tpbcdt·

157 3854 217 3907 diae
233 3854 326 3933 trtnlps
343 3853 436 3919 docet,
454 3853 488 3904 ad
503 3854 600 3907 Peme
617 3851 754 3906 reserenda
770 3857 848 3922 snnt3
864 3849 1035 3934 rpctejgrtur
1050 3852 1138 3921 potunt
1159 3847 1328 3930 'bereum

156 3934 320 3991 προσκυνων
336 3921 430 3972 σέλινα
447 3920 543 3979 dicere.
576 3920 607 3972 Iu
623 3926 741 3974 extremo
758 3934 837 3974 versu
853 3922 973 3985 καπιβοα
990 3919 1082 3987 τρίτον
1098 3930 1209 3968 παιωνα
1225 3932 1329 3985 nequa„

157 4006 236 4059 quam
257 3992 298 4042 est
320 3988 520 4056 corrigendum,
547 3988 619 4057 qnod
640 3986 774 4041 nonnuliis
798 3992 840 4040 est
865 3986 968 4052 visum,
993 3985 1040 4039 sed
1063 3984 1144 4038 etiarn
1171 3984 1236 4038 sliht
1256 3982 1327 4055 apud

155 4057 269 4111 comicos
291 4062 384 4127 poetas
406 4055 472 4110 baec
493 4056 579 4109 forma
602 4055 748 4126 reperitur,-
769 4058 799 4108 nt
821 4053 890 4123 apud
906 4052 1085 4124 Antiphonem
1108 4051 1219 4120 (Athon.
1233 4052 1284 4107 XI.
1298 4068 1327 4121 p.

152 4125 205 4181 ωδ
217 4125 329 4244 {Ardere
345 4187 436 4262 μηδὲν
457 4188 512 4242 τοῖν
528 4184 770 4260 ἀπηρχαιωμένων

168 4328 171 4333 Ι
227 4257 341 4312 Τούτων
357 4274 392 4310 πε
412 4251 493 4330 τίνῃς,
510 4251 559 4337 τάν
578 4257 748 4328 Τελαμόνα,
764 4252 838 4327 μηδὲ
854 4250 904 4310 τὸν

222 4325 378 4397 namma
440 4321 608 4399 Ἀρμενίων.
