2768 4770
258 213 318 280 DE
339 212 482 288 Rubro.
504 210 693 280 COMOED.
713 211 819 281 ΑΤΤ.
838 213 983 289 anulo.
1138 216 1202 282 221

72 370 157 469 door,
186 380 396 445 substituisset.
436 379 507 445 Nou
537 387 636 445 tamen
668 379 841 461 crediderim
877 381 1005 446 sabulum
1037 379 1075 447 ad
1102 380 1204 470 priora

72 477 129 530 lam
155 474 286 553 tempora
310 465 498 546 reiicieudam
526 487 594 530 esse
616 473 650 536 ¹et
676 482 796 566 propter
821 466 1145 554 ipsunngnmentun
1173 475 1203 532 et

72 561 158 638 ropfer
190 560 343 615 externam
375 551 518 639 speciem,
553 572 627 636 quae
659 553 793 615 omnibus
823 551 953 614 numeris
984 567 1029 616 est
1058 551 1201 616 absoluta.

72 626 120 698 lan
141 634 230 699 multa
251 635 380 699 enimin
408 635 463 698 hac
489 656 550 698 una
574 634 676 698 sabula
698 633 838 699 Cratinus
864 644 962 700 merite
983 646 1068 721 atque
1089 638 1202 724 cogita-

73 737 120 784 oue
140 720 310 807 complexus
332 732 392 800 est,
420 727 557 804 tantaque
584 727 648 782 arte
669 719 789 808 singula
810 719 967 808 expolivit,
997 723 1047 786 rix
1069 732 1100 787 ut
1121 723 1202 788 credi

72 805 133 869 ussit
152 804 287 869 iuvenem
308 804 385 868 hauc
406 804 583 868 comoediam
595 804 760 891 scripsisse.
783 802 1021 871 Consentaneum
1041 807 1135 894 igitur
1156 816 1202 872 est

72 901 151 954 tetam
174 890 344 952 confirmata
376 895 488 970 aetate,
531 910 594 952 cum
627 890 751 953 antehac
776 910 866 952 uuum
908 890 1068 956 alterumve
1100 891 1201 957 vitium

72 976 158 1062 ruptim
187 973 416 1060 exagitavisset,
443 974 499 1036 iarn
522 994 633 1037 summo
655 972 751 1037 studio
773 973 860 1037 altius
881 975 1023 1058 quoddam
1046 976 1200 1041 consilium
1290 1052 1293 1058 q

72 1059 204 1146 soepisse
226 1058 398 1146 penitusque
414 1058 547 1144 origines
569 1067 599 1121 et
618 1059 715 1122 sontes
737 1058 813 1121 labis
833 1058 924 1139 illius,
946 1061 1200 1144 quaeouivorsa'm

72 1144 165 1207 tticum
198 1143 344 1206 civitatem
378 1142 541 1222 iniecerat,
578 1142 779 1230 indagavisse.
830 1143 964 1228 Namque
996 1145 1050 1210 hoc
1081 1148 1199 1210 omniuo

72 1229 140 1292 dere
167 1227 237 1292 licet
262 1229 293 1290 iu
321 1228 452 1312 reliquiis
481 1228 617 1311 antiquae
645 1228 812 1292 comoediae
841 1227 973 1309 Atticae,
1000 1252 1050 1311 ea,
1080 1252 1155 1316 quac
1182 1252 1201 1295 a
1257 1292 1259 1295 .

72 1313 192 1377 renibus
215 1313 308 1412 poetis
321 1313 496 1412 compositae
518 1312 579 1375 siut
598 1312 727 1392 labulae,
748 1312 898 1398 elegantia
920 1321 949 1376 et
969 1315 1088 1379 fervore
1110 1316 1201 1381 animi

72 1419 122 1462 tant
144 1418 271 1461 maxume
292 1418 359 1460 esse
379 1418 532 1483 insignes,
563 1395 616 1460 scd
638 1397 742 1460 abesse
765 1398 800 1460 ab
832 1398 884 1461 illa
906 1399 1038 1464 ubertate
1058 1407 1089 1464 et
1109 1401 1199 1465 subli·
1316 1424 1317 1428 ¹

72 1484 148 1562 itate,
170 1503 244 1566 quae
266 1483 422 1569 conspicua
443 1490 489 1545 est
509 1483 540 1544 iu
557 1481 726 1562 comoediis,
748 1502 820 1566 quas
839 1483 894 1545 viri
912 1484 1083 1549 confirmata
1104 1493 1199 1551 aetate

72 1567 243 1631 diluerunt.
286 1567 348 1630 Nec
379 1568 498 1630 mirum:
531 1565 621 1629 multa
648 1567 726 1628 euim
758 1577 826 1629 aute
855 1566 942 1630 debet
966 1578 1052 1655 poeta
1077 1569 1203 1653 vidisse,

72 1651 128 1716 ulta
149 1651 313 1732 audivisse,
344 1651 468 1738 plurima
489 1661 520 1713 et
540 1650 570 1712 iu
593 1671 627 1712 se
648 1649 729 1712 etin
751 1650 818 1714 aliis
841 1661 980 1737 expertus
1002 1676 1087 1736 esse,
1114 1677 1199 1741 quam

72 1743 246 1801 ,aeternam
272 1735 351 1798 illarn
375 1744 405 1798 et
425 1735 563 1798 eximiam
590 1734 662 1796 artis
689 1735 815 1833 speciem
838 1734 978 1800 accedere
998 1738 1094 1804 liceat
1137 1738 1199 1804 Sed

72 1821 88 1884 d
113 1829 201 1909 poeta
225 1821 369 1885 infinitam
397 1839 492 1906 paene
520 1839 619 1881 rerum
649 1838 761 1904 copiam
788 1827 873 1902 atque
898 1819 957 1882 vim
987 1823 1083 1887 auimo
1104 1824 1199 1887 iulor-

72 1907 144 1987 urit,
174 1914 242 1969 tuuc
269 1905 317 1986 lit,
347 1912 377 1966 ut
399 1904 512 1984 omnia,
540 1923 614 1986 quae
642 1912 800 1990 proponat,
828 1923 867 1966 ex
895 1902 961 1990 ipsa
981 1906 1043 1969 vita
1063 1907 1200 1972 videatur

72 1990 176 2071 tiisse,
203 2002 314 2053 utnon
341 1990 492 2052 obscuram
520 1986 644 2070 aliquam
671 1987 829 2073 imaginem
857 1988 949 2052 oculis
970 1992 1120 2074 subiiciat,
1144 1994 1199 2059 sed

72 2075 159 2140 litatio
172 2075 233 2138 illa
253 2074 290 2138 ad
316 2074 469 2136 veritatem
495 2073 629 2159 proxime
650 2072 778 2136 accedat
819 2071 903 2136 Nihil
930 2074 1007 2138 euim
1030 2098 1048 2140 a
1069 2097 1103 2141 se
1125 2078 1200 2143 alie-

72 2181 106 2224 ιω
129 2181 196 2224 esse
217 2167 313 2246 putat,
335 2158 409 2221 nihil
430 2167 587 2243 segregat,
615 2155 746 2241 sed-quo
767 2158 932 2245 provectior
953 2168 999 2224 est
1023 2169 1135 2244 aetate,
1163 2185 1198 2242 eo

72 2266 123 2308 ura
143 2255 241 2308 mente
261 2253 292 2307 et
312 2243 488 2328 cogitatione
504 2241 713 2330 complectitur,
735 2262 771 2305 eo
793 2241 903 2306 maiore
924 2245 1021 2308 studio
1034 2245 1082 2310 vel
1103 2269 1199 2313 remo·

72 2330 153 2393 sima
173 2329 269 2415 spatia
289 2328 385 2390 animo
406 2326 590 2415 permetitur,
617 2327 686 2389 hinc
706 2327 792 2390 litut
812 2327 926 2415 priores
947 2331 1114 2395 comoediae
1134 2333 1199 2399 lere

72 2415 145 2478 inus
160 2413 219 2476 late
246 2421 380 2500 pateant,
423 2412 519 2474 minus
548 2411 606 2475 alte
628 2411 689 2474 siut
708 2413 867 2499 repetitae,
896 2433 981 2498 quum
1009 2417 1198 2502 posteriores.

72 2506 78 2563 t
105 2507 230 2563 externa
251 2518 362 2581 quoque
389 2497 483 2558 lorma
504 2496 535 2559 iu
562 2495 709 2583 prioribus
731 2497 888 2562 comoediis
915 2498 1012 2563 minus
1033 2500 1110 2565 solet
1125 2523 1199 2602 per-

72 2591 117 2647 tta
138 2604 222 2647 esse:
245 2583 297 2645 sed
319 2601 373 2665 quo
396 2580 504 2644 diutius
526 2589 612 2667 poeta
633 2580 706 2643 artis
728 2581 855 2646 divinam
878 2582 1004 2670 speciem
1026 2584 1133 2650 investi

72 2689 94 2732 ro
116 2668 277 2732 accuratius
298 2665 425 2750 quaerit,
453 2686 527 2749 quae
553 2665 593 2728 sit
618 2665 707 2729 animi
734 2667 852 2731 humani
875 2676 995 2749 natura,
1021 2669 1088 2767 quid
1109 2607 1200 2736 vdie·

72 2753 219 2816 entissime
247 2760 362 2814 moveat
388 2762 500 2814 mentes
527 2757 578 2813 aut
602 2749 748 2838 impellat,
776 2772 811 2816 eo
839 2752 935 2838 magis
958 2753 1065 2836 elficit,
1092 2760 1125 2819 ut
1145 2779 1198 2820 ex·
1251 2808 1253 2812 .

72 2859 124 2901 rna
144 2857 255 2936 quoque
286 2837 382 2899 lorino
408 2844 439 2898 et
464 2835 563 2920 figura
584 2834 735 2898 excolatur
760 2844 790 2900 et
810 2838 1004 2924 perpoliatur,
1032 2860 1067 2903 eo
1093 2841 1198 2908 melius

73 2922 176 3010 rspicrt
205 2921 341 2985 viamac
369 2920 511 2983 rationem
540 2939 596 3003 qua
622 2919 650 2982 id
680 2920 759 3004 quod·
789 2943 929 2985 summurn
957 2932 1004 2986 est
1030 2945 1069 2987 ex
1099 2929 1198 3012 specie

72 3015 163 3071 terna
183 3005 312 3086 eluceat,
338 3012 371 3067 ut
391 3005 445 3067 sub
467 3003 567 3068 oculos
588 3002 673 3067 eadat
693 3005 779 3069 etiam
801 3006 848 3086 id,
870 3006 946 3091 quod
969 3017 1065 3072 mente
1087 3016 1198 3076 tautum

72 3091 243 3181 mpreheudi
261 3090 362 3177 possit
384 3087 425 3152 Et
434 3087 575 3153 Cratinus
586 3087 700 3172 quidem
714 3110 797 3173 quam
815 3089 996 3155 indefessum
1017 3093 1143 3159 studium
1164 3096 1197 3160 iu

72 3199 92 3241 c
114 3175 263 3240 comoedia
278 3172 457 3238 elaboranda
478 3172 676 3253 collocaverit,
697 3182 821 3238 testatur
841 3175 906 3263 ipse
927 3176 957 3239 iu
979 3175 1040 3241 illis
1050 3179 1197 3290 versibuq

73 3281 109 3326 os
131 3259 281 3325 Aristides
312 3259 443 3322 servavit
467 3257 582 3323 XLlX.
604 3256 645 3322 T.
666 3257 707 3321 ll.
728 3280 757 3346 p.
777 3261 839 3324 521
868 3259 914 3324 ed.
934 3258 1055 3325 Diudl.:
1094 3261 1182 3329 Ἀλλ
1258 3285 1263 3298 ’

72 3369 126 3428 mys
147 3346 372 3429 κομιριλιονιοιὸῦ
393 3367 475 3417 τινος
495 3340 612 3422 ἥκουσα
641 3343 919 3426 σεμνολογουμένοα
941 3344 1113 3424 θαυμαστὰ
1134 3344 1197 3418 οἶα.
1275 3349 1279 3361 '

72 3433 149 3494 ultor
170 3426 223 3495 ἐάν
250 3454 295 3503 τις
317 3427 421 3510 ἔρηται
446 3425 519 3502 τούς
539 3432 594 3508 τῆς
620 3429 782 3511 κωμῳδίας
807 3429 935 3510 ποιητὰς
961 3429 1013 3513 ἐφ’
1038 3427 1098 3519 ὅτῳ
1118 3433 1198 3519 μέγα

72 3520 212 3588 torcium,
234 3523 322 3598 φαῖεν
344 3512 390 3588 ῶν,
413 3507 508 3591 οἶμαι,
531 3508 576 3575 ὅτι
597 3511 713 3595 γέλωτα
735 3519 881 3588 κινοῦσιν,
900 3510 1001 3599 ὥσπερ
1024 3519 1073 3580 καλ
1096 3517 1199 3584 αὐτῶν

72 3626 79 3674 ς
108 3596 300 3680 ὡμολόγηκεν
327 3595 449 3671 οὐδενὸς
474 3598 658 3676 ἐρωτῶντος.
696 3596 778 3659 Ἀλλ’
809 3595 892 3679 ὅμως
918 3601 967 3662 καὶ
996 3590 1080 3665 οὗτοι
1104 3607 1199 3687 χωρὶς

72 3686 173 3748 'codols
194 3682 268 3747 eluar
295 3679 334 3745 τά
363 3706 394 3745 τε
416 3686 476 3744 τῶν
502 3679 628 3744 ἀστείων
649 3677 891 3760 σκῶμματαιναλ
919 3682 959 3748 τὰ
979 3690 1041 3748 τῶν
1061 3692 1199 3767 πολλῶν·

74 3773 88 3832 ί
107 3794 154 3845 τις
167 3767 269 3832 αὐτῶν
290 3771 322 3831 ἓν
334 3767 413 3851 ἀρχῇ
434 3771 489 3829 τοῦ
510 3762 668 3851 δράματος
687 3764 973 3850 μεγαλαυχούμενος
984 3765 1027 3847 ὡς
1037 3769 1200 3859 προφήτης
1271 3815 1275 3824 ·

72 3851 233 3941 ›ocyoperier
253 3851 373 3917 τοιάδε
466 3869 468 3873 ’
508 3921 511 3926 .
688 3924 691 3930 ,
809 3922 813 3931 ,
1191 3859 1193 3862 ’

186 3940 187 3945 ’
435 3933 674 4022 ἈφοτνΙζεσθαι
697 3932 758 4019 χρὴ
780 3931 880 4001 πάντα
902 3933 1027 4021 θεατήν,

116 4021 192 4086 Ἀπὸ
212 4022 269 4103 μέν
288 4016 454 4105 βλεφάρων
475 4021 692 4102 αὐθημιρινῶν
713 4029 848 4105 ποιητῶν
868 4026 963 4104 λῆρον
984 4023 1113 4111 ἀφέντα.

72 4132 136 4190 ιντερ
163 4109 196 4172 ἔν
223 4108 318 4193 ἐκείνῃ
345 4112 383 4190 τῇ
409 4102 509 4194 ἡμέρα
523 4106 649 4185 Ιμέλλων
665 4101 807 4183 ’ἅπαντας
823 4105 952 4191 Ιοοφοιῗς
972 4133 1004 4173 τε
1025 4112 1076 4174 καλ
1102 4135 1200 4178 σπου·

72 4197 143 4304 looq
162 4187 318 4274 ποιήσειν·
349 4189 489 4267 Δαλῶξας
510 4191 545 4254 δέ
564 4189 637 4266 rods·
657 4191 816 4275 Xslporruc
842 4191 1118 4280 ντροσνταραφριίφτι
1140 4193 1202 4261 nrt·

72 4304 143 4344 ναν
162 4274 249 4360 μάλα
268 4272 473 4371 ὖλιιρηφάνιος-
491 4276 545 4369 ἐντὶ
561 4279 716 4357 τελευτῆς·
780 4326 783 4331 .
1005 4281 1008 4287 ’
