2760 4792
282 229 343 300 nn
363 227 507 307 annuo
525 224 715 298 cenoso.
734 175 842 297 uun.
861 224 1008 302 numu.
1158 226 1227 296 οιο

149 401 214 466 Καὶ
233 398 341 483 μηκίτ’
363 389 446 476 ῶναξ
465 396 638 474 Μιλτίαδες
657 398 708 505 καλ
729 396 905 499 Περίκλεες,
937 490 944 501 Ι

144 485 270 552 Ἐάσατ’
294 481 397 570 ἀρχειν
419 479 563 568 μειράκια
583 505 757 564 κινουμενας
770 492 827 541 ·‘1‘02
873 508 950 535 νυ·-

145 571 197 636 Ἐν
216 580 281 647 τοῖς
301 579 431 656 σφυροῖς
452 569 578 634 ἕλκοντα
598 566 654 650 τὴν
673 568 868 651 στρατηγίαν.

63 656 250 832 puqyeogeym
274 656 402 746 pertinet
427 655 514 718 etiam
540 652 613 718 illntl
641 653 717 742 apud
731 652 947 718 Herodianum
978 654 1045 738 περὶ
1065 649 1230 736 σχημάτων

85 789 95 808 .
153 789 164 825 ,
232 787 243 804 .

469 824 534 888 Καὶ
555 821 678 906 λίγοοσί
692 845 725 905 γε

154 906 204 973 Tei
222 904 365 994 patrocimo
387 905 592 994 προὶστοίμενα
612 915 677 982 τοῖς
697 902 855 992 ἀνδράσιν.

63 1010 198 1076 Maxime
223 1031 294 1074 vero
320 1009 450 1096 insignis
475 1009 528 1085 Illa
556 1009 638 1073 chori
664 1009 775 1090 oratio,
802 1029 876 1093 quae
903 1014 949 1071 ost
975 1008 1049 1096 apud
1072 1007 1229 1075 Stobaeun'r

62 1095 180 1162 XLIII.
200 1116 230 1183 p.
242 1096 315 1175 163,
335 1102 439 1183 poetae
459 1094 612 1160 consilium
633 1093 808 1178 fabulaeque
829 1093 989 1157 institutum
1011 1094 1043 1156 in
1063 1093 1144 1159 clara
1164 1095 1229 1162 luco

64 1180 214 1328 colloclaiol
235 1263 303 1345 μὴν
317 1261 376 1344 ίγο)
397 1263 518 1327 πολλῶν
538 1259 698 1348 παρόντων
720 1261 776 1368 oripo
796 1259 855 1367 {xor
876 1262 908 1325 τί
922 1261 1010 1369 λίξιο.

153 1347 244 1414 Οὕτω
265 1345 378 1433 σφόδρ’
402 1348 485 1432 ἀλγῶ
506 1347 562 1432 τὴν
582 1350 735 1413 πολιτείαν
757 1372 837 1432 ορων
858 1371 920 1431 παρ
956 1370 1036 1428 ημιν.

144 1433 250 1514 Ἡμεῖς
269 1431 329 1518 γάρ
351 1432 408 1515 οάχ
429 1430 511 1497 otto
530 1433 605 1509 τίως
625 1431 765 1521 ᾠκοῦμεν
786 1432 814 1496 oi
834 1431 979 1516 γίροντες,

142 1519 228 1583 Ἀλλ’
251 1511 329 1601 ἦσαν
355 1514 433 1599 ἡμῖν.
448 1523 486 1602 τῇ
513 1515 598 1581 πόλει
625 1518 823 1602 πρῶτονμὲν
844 1517 872 1579 oi
893 1518 1056 1600 στρατηγοὶ

144 1605 203 1668 Ἐκ
223 1610 285 1668 τῶν
303 1605 452 1684 μεγίστων
473 1604 576 1665 οίκιῶν
597 1598 719 1686 πλοότῳ
740 1602 815 1683 γίνει
836 1624 868 1663 τε
889 1607 1014 1684 πρῶτοι,

151 1685 208 1765 Οἷς
229 1686 356 1770 ὡσπερεὶ
377 1691 495 1749 θεοῖσιν
515 1681 713 1766 ηόχόμεσθα·
742 1687 792 1746 καί
813 1681 871 1768 γάρ
893 1676 981 1764 ἦσαν.

139 1772 232 1839 Ὥστ’
256 1771 406 1855 ἀσφαλῶς
425 1765 628 1853 ἐπράττομεν·
655 1769 719 1830 νυνλ
742 1766 772 1830 δ’
796 1764 865 1830 ὅποι
885 1765 1027 1848 τάχοιμεν

149 1853 400 1942 Στρατευόμεσθ’
424 1849 599 1937 αἱρούμενοι
626 1848 815 1937 καθάρματα
841 1849 1040 1937 στρατηγούς.

60 1951 164 2044 Itaque
185 1956 309 2044 Eupolis
335 1955 422 2020 etiam
444 1954 590 2019 Periclem
617 1953 734 2018 induxit
753 1953 802 2037 qui
828 1953 993 2040 aegerrime
1013 1953 1122 2036 serret,
1152 1956 1230 2040 quod

60 2046 194 2109 virorum
214 2042 333 2106 fortium
356 2048 385 2103 et
405 2040 561 2140 proborum
583 2039 637 2103 lilii
657 2045 808 2125 tantopere
831 2037 866 2101 de
892 2038 988 2125 patria
1007 2039 1117 2103 uirtute
1138 2039 1230 2128 dege·

61 2128 247 2194 necaverint:
270 2127 334 2214 ipse
345 2124 480 2188 Pericles
490 2125 526 2190 de
538 2145 592 2188 suo
607 2124 669 2189 lilio
683 2123 775 2187 libere
789 2123 984 2207 conqueritur,
1005 2123 1065 2188 vid.
1077 2123 1230 2192 Plutarch.

62 2216 115 2278 vit.
136 2211 246 2276 Pericl.
268 2233 292 2275 o.
314 2208 370 2273 24:
414 2211 513 2272 Δοκεῖ
534 2209 568 2272 δὲ
594 2210 644 2271 καὶ
671 2206 725 2271 τόν
751 2203 845 2270 νόθον
873 2206 905 2270 ἐκ
932 2203 1047 2291 ταάτης
1071 2215 1228 2288 τεκνῶσαι,
1269 2254 1274 2263 ⁴

63 2301 130 2385 περὶ
153 2287 189 2360 οὗ
210 2298 368 2376 πεποίηκεν
389 2292 524 2370 Εάπολις
544 2296 577 2358 δν
598 2291 719 2376 Δνζμοις
745 2290 839 2356 αὐτόν
859 2290 914 2374 μὲν
936 2289 1032 2370 οάτως
1053 2296 1230 2381 ἐρωτῶντα·

142 2379 182 2446 ‘0
201 2377 296 2456 νόθος
317 2379 354 2443 δι’
369 2404 424 2460 μοι
447 2381 499 2464 ζῇς

63 2468 116 2533 τόν
137 2468 171 2531 δὲ
191 2465 382 2550 Μυρωνίδην
403 2460 655 2542 ἀποκρινόμενον.
704 2514 706 2521 .

469 2549 534 2612 Kal
555 2543 650 2609 πάλαι
670 2541 700 2630 γ’
724 2541 762 2607 ἀν
782 2534 819 2626 ἦν
839 2540 926 2632 ἀνήρ,

108 2702 111 2707 ,
151 2638 188 2700 Ei
207 2633 251 2718 μὴ
273 2633 308 2699 τό
329 2638 383 2715 τῆς
404 2628 517 2719 πόρνης
537 2626 716 2717 ὑπωρρώδει
737 2625 840 2693 κακόν.

64 2745 94 2804 et
120 2738 158 2803 ad
179 2736 301 2802 eandem
322 2733 449 2799 Periclis
476 2733 637 2797 orationem
665 2732 815 2819 pertinent
840 2731 926 2796 etiam
954 2733 1012 2798 duo
1036 2733 1126 2800 iambi
1152 2735 1230 2824 aputl

63 2823 250 2889 Athenaeum
269 2818 324 2885 IX.
344 2841 374 2908 p.
396 2822 459 2884 373
479 2817 521 2882 H:
553 2813 688 2893 Εάπολις
714 2816 746 2881 ἐν
766 2813 904 2897 Δήμοις·

153 2905 200 2971 Oti
222 2904 319 2969 δεινόν
341 2895 394 2968 οάν
414 2901 518 2989 κριοὺς
537 2903 593 2983 μὲν
613 2899 663 2983 ἀμ’
687 2901 825 2985 ἐκγεννᾶν
845 2901 946 2986 τέκνα,

140 2989 259 3076 ’Όρνεις
280 2987 312 3053 δ’
337 2985 461 3070 ὁμοίους
485 2985 558 3063 τοιλς
584 2985 724 3061 νεοττοὺς
748 2990 791 3073 τῷ
813 2987 909 3073 πατρί
912 3015 924 3068 ,·

62 3095 176 3160 Eodem
199 3100 294 3156 antem
315 3091 390 3172 loco,
411 3110 467 3175 quo
487 3087 622 3153 Pericles
644 3088 680 3152 cle
702 3109 756 3152 suo
776 3087 838 3151 lilio
860 3088 1062 3172 conqueritur,
1083 3089 1169 3153 etiam
1191 3089 1228 3155 ue

63 3178 253 3269 Hippocratis
274 3177 399 3241 filiorum
419 3175 564 3264 pravitate
586 3180 616 3237 et
635 3173 766 3257 nequitia
782 3172 870 3236 dixit:
892 3193 1029 3257 quorsum
1040 3180 1173 3261 spectant
1183 3174 1230 3240 illi

64 3285 181 3346 versuo,
203 3283 275 3347 qnos
297 3261 464 3327 Scholiasta
484 3258 694 3346 Aristophanis
714 3257 811 3321 Nubb.
833 3279 861 3322 v.
883 3257 965 3322 1001
988 3259 1131 3323 servavit:
1156 3265 1232 3337 Τοῖς

57 3346 292 3433 Ἱπποκράτους·
325 3336 411 3409 οὗτοί
435 3347 509 3407 εἰσιν
531 3343 733 3420 Τελέσιππος,
760 3341 939 3427 Δημοφῶν,
966 3345 1135 3430 Περικλῆς,
1161 3348 1231 3411 δια.
1276 3364 1280 3373 “

62 3431 246 3518 βαλλόμενοι
268 3434 310 3507 είς
330 3427 461 3494 ὑωδίαν·
482 3430 533 3492 καὶ
555 3426 689 3503 Εάπολίς
710 3451 804 3512 φησιν
824 3427 856 3490 ἓν
877 3423 1011 3510 Δήμοις·

143 3513 363 3601 Ἱπποκράτους
383 3538 415 3579 τε
436 3516 541 3589 παῖδες
566 3508 731 3595 ίμβόλιμοί
748 3536 825 3587 τινες

148 3600 295 3686 Βληχητά
322 3600 425 3677 τίκνα,
453 3597 618 3679 κούδαμῶς
643 3603 698 3661 τοῦ
719 3594 845 3682 τρόπου.
1097 3654 1100 3659 ,

63 3707 107 3773 At
126 3704 286 3794 permirum
307 3709 353 3767 est
373 3700 519 3765 Periclem
541 3722 559 3764 a
579 3698 747 3765 Scholiasta
772 3699 824 3762 illo
844 3698 923 3762 inter
942 3697 1003 3786 Hip
1043 3699 1132 3763 cratis
1153 3699 1231 3767 filios

63 3791 188 3856 relerri:
232 3810 316 3874 quam
344 3785 543 3850 difficultatem
570 3786 665 3849 sensit
684 3783 882 3864 Fritrschius‚
911 3784 960 3868 qui
988 3719 1230 3871 allssBabylonios

64 3900 93 3966 p.
103 3877 146 3941 42
163 3877 325 3953 Λυσικλῆς
345 3869 530 3935 scribendum
552 3876 665 3933 censet:
687 3869 774 3932 immo
791 3889 861 3932 vero
874 3868 1001 3937 Periclis
1022 3889 1129 3932 nomen
1149 3879 1230 3934 recte

65 3961 224 4039 sehabet,
252 3965 283 4022 et
302 3957 339 4021 de
360 3956 459 4044 spurio
481 3956 583 4041 magni
608 3953 689 4018 illius
710 3952 837 4016 Periclis
865 3953 926 4016 filio
949 3953 1147 4041 accipiendum
1166 3963 1229 4027 est:

65 4047 170 4111 Telesi
192 4065 245 4129 pus
268 4054 363 4107 autem
390 4049 420 4104 et
440 4039 615 4126 Demophon
636 4038 826 4138 Hippocratis
854 4045 922 4101 sunt
949 4036 1017 4101 liliit
1047 4038 1113 4128 ipsa
1133 4048 1229 4106 autem

65 4132 157 4197 verba
172 4067 331 4216 Hupolidis
351 4127 393 4189 ita
413 4123 596 4188 emendanda
616 4143 683 4186 esse
703 4121 814 4186 iudico:

148 4216 224 4277 Σοῦ
245 4211 281 4274 θ’
302 4206 520 4295 Ἱπποκράτους
539 4232 571 4271 τε
592 4210 699 4282 παῖδες
723 4202 888 4288 ίμβόλιμοί
904 4229 981 4281 τινες

149 4294 297 4383 Βληχητά
315 4293 405 4361 τίκνα
426 4292 589 4375 κου’δαμῶς
610 4297 677 4358 τοῦ
698 4297 765 4358 σοῦ
786 4287 912 4378 τρόπον.
