2768 4770
333 233 392 301 DE
412 233 555 310 aaut·
568 231 764 301 conoul).
784 229 887 300 ATT.
907 231 1052 307 Auula.
1211 235 1275 304 381

548 688 738 756 onear
781 687 833 759 vr.

105 990 107 995 ⁴
192 915 348 974 Platonis
379 907 592 995 Amphiaraum
628 915 771 973 memorat
801 907 968 973 Scholiasta
999 908 1210 999 Aristophanis
1242 912 1275 977 in

104 997 227 1063 Plutum
248 1017 278 1061 v.
289 993 366 1060 174:
385 990 423 1058 ‘0
434 991 604 1101 Πάμφιλος
625 992 659 1057 δὲ
669 994 850 1077 δημαγωγὸς
870 987 908 1075 ἦν
925 995 1013 1057 οἱονεί
1036 993 1273 1076 πολιτευόμενος,

105 1084 160 1144 καὶ
187 1079 308 1144 ἔκλεπτε
335 1078 375 1143 τὰ
405 1083 461 1143 τοῦ
489 1080 606 1160 δημου,
650 1074 693 1153 ὡς
718 1081 769 1141 καλ
796 1073 932 1141 Πλάτων
958 1081 1052 1163 φησίν
1072 1078 1272 1168 Ἀμφιαράῳ·

106 1167 173 1231 Καὶ
195 1165 232 1246 νὴ
254 1163 309 1228 Δί’
333 1167 359 1226 εἲ
378 1161 550 1249 Πάμφιλίν
569 1186 602 1246 γε
619 1164 717 1248 φαίης
737 1161 872 1226 κλέπτειν
892 1162 931 1227 τὰ
952 1159 1051 1239 καινιί,
1078 1160 1144 1244 ἅμα
1164 1189 1196 1229 τε
1218 1190 1275 1230 σο-

106 1246 274 1335 κοφοίντην.
300 1248 511 1335 Amphiaraum
532 1247 667 1312 Platonis
689 1270 753 1311 cum
774 1248 872 1312 nullus
894 1256 1048 1335 praeterea
1068 1251 1275 1336 grammaticus

106 1341 327 1414 commemoret,
369 1354 556 1398 correxeram
584 1335 616 1397 ἐν
641 1341 709 1407 ταῖς
736 1329 755 1393 ιλ
784 1331 793 1354 ³
818 1333 922 1418 ἱερῶν,
964 1332 1107 1418 videoque
1132 1335 1192 1398 iam
1218 1335 1275 1400 boc

101 1419 297 1507 occupavisse
317 1415 503 1482 Meinekinm
524 1415 745 1492 QuaestScen.
797 1419 927 1506 .p.15.
970 1417 1033 1507 Ipsi
1053 1426 1149 1483 autem
1168 1441 1275 1486 versus

61 1532 69 1545 ·
106 1505 151 1569 sic
172 1511 242 1567 sunt
262 1502 472 1567 constituendi:

192 1588 259 1652 Kal
280 1586 316 1669 νὴ
337 1585 405 1662 Δί’,
427 1589 453 1650 εἲ
474 1580 644 1671 Πιίμφιλόν
663 1608 695 1670 χε
716 1584 812 1671 φαίης

190 1670 340 1736 Κλίπτειν
359 1670 398 1734 τὰ
420 1668 510 1744 κοίν’,
532 1667 597 1749 ἅμα
617 1693 650 1732 τε
670 1677 880 1753 συκοφαντεῖν.

105 1779 176 1822 nam
197 1764 398 1841 συκοφαντεῖν
424 1754 565 1819 orationis
588 1754 779 1839 aequabilitas
800 1754 873 1816 satis
895 1752 1093 1834 commendat3
1120 1763 1275 1844 praeterea

77 1892 79 1898 2
107 1862 182 1906 sane
207 1842 291 1906 metri
316 1840 434 1927 legibus
462 1839 612 1920 consulat,
654 1839 704 1937 qui
730 1838 883 1926 scripserit
908 1834 955 1916 dp
989 1862 1028 1901 τε
1063 1853 1273 1925 συκοφαντεῖν.

107 1933 194 2012 quam
213 1924 434 1993 insolentiorem
454 1924 579 1989 formam
599 1929 755 1987 restituere
775 1922 869 1986 voluit
887 1921 1063 1987 Dindorfius
1079 1924 1275 2016 Aristophani

105 2012 141 2076 in
160 2008 268 2099 Vespis
291 2031 319 2074 u.
339 2008 417 2075 570:

195 2092 244 2157 Td
266 2095 299 2159 δὲ
319 2088 527 2174 σογκιίπτονθ’
552 2088 596 2174 ἃμ
615 2095 779 2174 βληχᾶται.
802 2119 805 2125 ’
1101 2151 1104 2154 ,

104 2177 198 2266 vulgo
219 2180 330 2266 legitur
351 2176 416 2255 ἅμα
437 2181 604 2258 βληχᾶται,
625 2177 788 2242 Ravennas
809 2172 853 2258 ἃμ
875 2172 941 2257 ἅμα
957 2182 1119 2260 βληχᾶται,
1139 2177 1274 2247 Venetus

103 2262 332 2346 ᾶποβληχᾶται.
360 2263 454 2327 Recte
466 2261 641 2327 Dindorfins
663 2262 758 2326 sensit
771 2263 921 2349 vulgatam
944 2263 1118 2352 scripturam
1128 2263 1190 2329 non
1201 2265 1274 2330 satis

102 2348 214 2414 iudicio
237 2350 349 2412 aurium
369 2346 499 2435 probari,
521 2354 551 2411 at
571 2346 645 2411 illud
666 2343 710 2428 ἃμ
730 2347 821 2410 multo
842 2347 938 2433 magis
960 2349 997 2412 ab
1018 2347 1183 2414 Atticorum
1205 2371 1274 2415 con-

103 2433 261 2498 suetudine
283 2433 435 2497 abhorret:
457 2431 617 2540 scripserat
637 2430 870 2518 Aristophanes:

194 2513 509 2600 Τὰιλὲσοηκίπτοντ
548 2514 807 2596 ἀμβληχᾶται.
1132 2573 1134 2575 ,

103 2618 228 2682 verbum
250 2615 504 2699 ἀναβληχᾶσᾶαι,
527 2617 584 2680 etsi
606 2615 676 2680 alibi
697 2636 757 2679 non
778 2615 906 2702 legitur,
927 2616 1000 2680 satis
1021 2621 1120 2682 tamen
1140 2619 1275 2684 similitu-

104 2702 175 2767 dine
197 2703 397 2790 exemplorum
424 2703 460 2766 ab
483 2703 561 2765 omni
583 2700 762 2765 dubitatione
783 2700 964 2787 delepditur,
994 2701 1091 2785 qualia
1113 2711 1182 2766 sunt
1201 2703 1274 2767 ἀνα-

101 2791 193 2867 βοᾶν,
215 2783 401 2869 ἀνακράζιιν,
423 2787 496 2850 aliar
517 2808 556 2850 ne
575 2807 612 2851 ue
632 2786 743 2849 formas
765 2784 908 2850 eiusmodi
928 2786 1157 2874 repudiaverunt
1171 2787 1274 2871 Attici,
1366 2848 1368 2851 .

103 2872 149 2934 uti
171 2869 213 2935 Su
234 2871 332 2935 booles
360 2871 435 2936 dixit
462 2868 531 2955 ιληχ
539 2807 624 2948 ale·
650 2868 717 2933 ἀντὶ
743 2875 797 2933 τοῦ
820 2865 988 2951 ἀναχῶρει,
1015 2870 1076 2936 vid.
1099 2870 1274 2938 Grammati-

103 2978 172 3020 cum
221 2957 329 3020 ekkeri
351 2956 392 3021 Τ.
415 2956 439 3020 Ι.
460 2978 489 3043 p.
510 2956 591 3037 340,
610 2957 668 3036 22,
696 2953 892 3019 Pherecrates
921 2954 1099 3038 ι’ίηχασκε·
1121 2955 1196 3019 ’ἀντὶ
1218 2963 1274 3022 τοῦ

103 3037 258 3121 ᾶνιίχασκε
279 3041 396 3105 ibidem.
432 3040 473 3103 Et
493 3040 629 3104 similiter
648 3039 860 3104 restituendum
881 3048 927 3104 est
948 3040 1024 3127 apud
1044 3040 1274 3129 Aristophanem

102 3125 138 3188 in
160 3124 334 3209 Lysistrata
354 3147 383 3189 v.
403 3124 480 3190 384:
1075 3162 1076 3166 =

184 3208 285 3289 Ἄρδυν
307 3208 342 3272 o'
367 3208 448 3283 ὅπως
469 3205 696 3294 ἀμβλαστιίνης.

104 3293 197 3380 vulgo
219 3291 261 3368 ὡς
283 3290 320 3356 dn
340 3291 514 3378 βλαστάνῃς
535 3294 654 3381 legitur.
692 3291 742 3358 Ad
763 3293 840 3372 hunc
861 3292 1047 3380 Pamphilum
1069 3297 1164 3358 antem
1179 3294 1275 3358 alios-

102 3400 162 3526 pulp
178 3379 295 3524 lpublici
329 3380 437 3442 aerarii
455 3381 565 3526 ‘filma
588 3377 881 3527 pertinpreAphidetur
914 3381 1001 3527 etixam
1034 3378 1116 3528 skip}
1137 3379 1275 3528 l‹piusdepp

118 3484 223 3525 auae
249 3485 354 3527 versus
435 3486 464 3526 ur
503 3486 519 3527 e
565 3484 601 3526 ur
626 3485 681 3527 au
794 3484 916 3526 enaeum
974 3511 981 3528 .
1024 3511 1031 3528 .
1224 3485 1275 3528 u1

104 3549 313 3633 grammaticus
336 3513 372 3611 dd
398 3485 552 3612 nlbusurff¹
562 3485 662 3611 futuril
675 3548 784 3627 πίομαι
812 3545 948 3630 disserit,
977 3484 1069 3612 dolore
1092 3547 1125 3612 δὲ
1146 3512 1196 3611 καί
1218 3573 1275 3612 συ-

104 3648 264 3712 στέλλουσι
285 3649 320 3712 τὸ
343 3676 368 3727 ι,
397 3645 438 3723 ὡς
459 3646 595 3712 Πλάτων
621 3650 653 3712 ἐν
673 3657 740 3724 ταῖς
761 3645 820 3733 ἀφ’
845 3647 950 3732 ἱερῶν·

196 3748 273 3812 Odd’
300 3747 388 3826 ὅστις
403 3749 499 3833 αὐτῆς
520 3750 649 3814 ἐκπίεται
671 3748 710 3813 τὰ
728 3745 884 3834 χρήματα.

105 3849 201 3913 dictus
224 3851 301 3914 enim
328 3853 376 3914 hic
399 3873 503 3915 versus
524 3850 556 3914 in
576 3853 657 3915 viros
679 3851 851 3940 populares,
882 3851 930 3935 qui
972 3851 1084 3917 ublicas
1105 3843 1275 3941 opes'mala

103 3934 211 3998 [raude
233 3936 629 4023 dilapidabantrpronomen
650 3938 726 4000 enim
748 3935 820 3999 illud
843 3873 970 4021 (αὐτῆςλ
989 3936 1026 4001 ad
1047 3958 1109 4001 rem
1130 3937 1276 4026 publicam

105 4015 222 4102 (πόλιν)
250 4022 386 4108 pertinet.
428 4021 554 4090 Videtur
581 4029 675 4085 antem
703 4019 861 4113 Plato-ab
888 4022 1082 4107 antiquiorum
1110 4022 1276 4089 Atticorum

104 4122 317 4185 consuetudine
344 4123 522 4203 recessisse,
549 4143 614 4191 cum
640 4121 767 4185 litteram
795 4146 805 4181 ι
833 4122 1009 4212 corriperet,
1035 4122 1066 4188 id
1088 4124 1275 4210 quodetiam

104 4203 137 4267 in
159 4203 314 4294 Syrpbace
335 4207 406 4270 lecit
433 4207 510 4296 apud
530 4207 717 4271 Athenaeum
743 4204 866 4295 ibidem:

427 4323 431 4328 ·
511 4292 576 4355 Kal
598 4287 703 4356 πίεσθ’
726 4286 811 4375 ὕδωρ
832 4285 921 4355 nott.
