2760 4792
141 192 206 263 256
533 189 935 259 COMMENTATIONES

226 359 267 425 Et
286 357 387 424 nescio
408 378 447 422 an
469 355 610 423 Cratinus
636 358 747 447 primus
769 358 880 425 dixerit
899 353 1103 445 ἒπιλησμονῆ,
1129 359 1223 449 volgo
1243 361 1310 448 qui-

142 446 209 512 dem
236 444 312 534 apud
332 442 527 509 Scholiastam
553 443 707 592 Αιίσίοφλι.
727 444 805 510 Nuh.
826 465 856 509 v.
877 444 990 511 7881e
1013 447 1086 511 ‘turz
1114 442 1309 529 ’Emtqnud-

141 551 250 596 τατον·
284 528 344 593 ἔδει
370 530 461 593 εἰπεῖν
490 529 656 611 λπιλησμον
671 549 797 593 στατον·
821 525 937 605 ’Ἄλεξις
963 530 982 593 δ
1023 525 1174 615 ἐπιλήσμη
1201 532 1310 617 φησίν,

143 620 298 701 Κρατῖνος
319 612 353 676 δὲ
373 609 670 695 ἓπιλησμοσιίνη.
701 612 748 677 lta
767 613 800 677 in
822 614 891 679 edit.
912 613 1050 680 Bekkeri
1068 614 1198 703 legitur,
1218 620 1309 703 utque

143 702 246 767 eodem
275 697 361 763 modo
390 718 437 785 ap.
459 695 582 763 Suidam
609 696 651 762 Τ.
671 697 696 762 Ι.
717 718 746 785 ρ.
766 698 849 780 819,
890 698 944 763 sed
970 700 1063 788 vulgo
1088 700 1245 767 edebatur:
1286 696 1308 785 ἦ

142 786 221 861 λίξις
252 782 286 846 dd
311 778 480 865 ἓιιιλήσμη,
513 782 590 869 φησί
624 782 658 847 dd
683 783 840 866 Κρατῖνος
870 778 1059 866 ἐπιλήσμονα
1106 784 1210 871 ltaque
1235 790 1309 875 pube

140 867 326 935 scribendum
368 862 614 951 ἔπιλησμονή.
677 864 829 931 Audacter
860 888 933 933 sane
959 875 1097 934 novatum
1123 875 1187 951 est,
1228 870 1309 979 quod

141 953 312 1041 Hesychius
343 950 446 1017 affert:
474 951 855 1035 Ἔκκεχοιριλωμίνη·
887 951 923 1017 od
944 955 1096 1040 Χοιρίλον
1116 944 1210 1019 οὖσα·
1242 956 1309 1019 Εκ-

142 1040 275 1127 canton
304 1034 363 1123 γὰρ
383 1041 435 1124 ’τῷ
461 1042 585 1125 κωμικῷ
606 1037 755 1121 Χοιρίλος
784 1033 932 1123 θεράπων
958 1030 1017 1123 ἦν,
1061 1035 1094 1114 ὃς
1119 1048 1309 1105 σονεπσιεῖτο

140 1124 312 1211 κωμῳδίας.
357 1120 552 1187 Casanhonus
577 1120 737 1186 Animadv.
769 1120 807 1186 ad
831 1119 943 1187 Athen.
969 1144 1000 1212 p,
1022 1124 1085 1189 183
1116 1123 1309 1191 scribendum

138 1210 265 1360 {atavih
286 1202 328 1282 ὡς
336 1207 488 1290 Χοιρίλον
510 1197 589 1270 οὖσα
608 1205 658 1271 vel
678 1210 734 1269 roci
754 1207 848 1288 Χοιρ.
870 1199 959 1271 οὖσα.
980 1208 1089 1273 rectius
1108 1206 1248 1275 Naekius
1268 1210 1310 1277 ud

155 1292 273 1359 buerit.
293 1313 323 1380 p.
343 1291 387 1365 bd
407 1292 450 1356 ita
469 1291 617 1379 explicat,
645 1297 677 1355 nt
695 1292 875 1381 praepositio
896 1292 929 1356 bc
952 1292 1008 1357 vim
1029 1293 1138 1358 habeat
1176 1292 1308 1361 riuandi.

138 1375 331 1444 Son‘hendum
363 1385 458 1440 autem
484 1382 571 1464 puto:
604 1375 885 1462 ἐκκεχοιριλωμίνφ
918 1374 955 1440 οὗ
977 1378 1129 1462 Χοιρίλον
1196 1380 1309 1445 οὔπα.

139 1463 256 1528 dixerat
281 1460 359 1524 enim
387 1460 513 1525 comicus
533 1462 566 1524 in
606 1461 740 1542 arabasi‚
767 1481 802 1525 se
822 1460 856 1525 in
875 1461 1001 1526 medium
1028 1462 1164 1552 profdrre
1183 1460 1308 1529 Musam

138 1549 203 1614 sive
228 1545 374 1627 fabulam,
406 1545 439 1609 in
486 1567 523 1609 na
548 1546 609 1607 ni'
650 1546 689 1609 sit
716 1545 921 1627 Choerileum,
971 1567 1027 1611 nae
1053 1546 1130 1613 nihil
1155 1548 1309 1613 contineat

138 1652 290 1697 commune
322 1650 386 1695 cum
411 1566 597 1718 Ecldrantide
629 1639 659 1694 et
687 1628 845 1712 Choerilo,
875 1632 924 1730 qui
987 1630 1069 1719 'gida
1100 1637 1131 1697 et
1160 1632 1307 1699 iocularia

138 1717 281 1804 quaedam
313 1715 473 1780 exhibeant
502 1715 536 1779 in
561 1713 681 1779 fabulis.
711 1713 774 1779 ,Ad
803 1715 959 1781 Cratinum
990 1723 1087 1781 autern
1119 1717 1307 1818 potissimum

137 1802 215 1867 hanc
237 1800 367 1887 glossam
388 1799 493 1881 retuli,
515 1799 650 1885 qnoniam
665 1797 819 1865 Cratinum
840 1800 920 1865 inter
941 1806 971 1864 et
985 1799 1030 1864 Ec
1049 1800 1200 1869 hanhdom
1219 1822 1306 1869 ocer-

136 1887 242 1953 rinrum
253 1884 422 1949 intercessit
433 1884 544 1949 odium:
566 1891 596 1948 et
608 1891 709 1971 aperte
721 1884 807 1948 etiam
819 1884 895 1949 alins
910 1883 1019 1950 Chue'
1064 1885 1303 1974 etEcphautidis

136 1970 383 2037 necessitudinem
398 1969 594 2078 perstrinxit,
615 1967 676 2032 vid.
689 1967 877 2054 Hesychius:
908 1971 1058 2055 Χοιρίλον
1073 1967 1304 2055 Ἕκφαντίδον·

135 2059 307 2142 Κρατῖνος·
328 2053 382 2118 τὸν
412 2055 611 2138 Εκφαντίδου
634 2048 730 2127 οὕτως
751 2048 831 2115 εἶπεν
851 2050 945 2117 αὐτὸν
965 2052 1020 2119 τὸν
1039 2056 1199 2142 Χοιριλον.
1227 2056 1305 2123 lun

135 2147 274 2206 novatum
295 2146 342 2203 est
362 2160 381 2201 a
402 2136 542 2217 Cratino,
565 2143 597 2201 nt
616 2136 720 2200 Ionum
748 2136 933 2202 libidinosam
956 2140 1046 2204 vitam
1066 2146 1198 2224 notaret,
1244 2140 1305 2209 uod

136 2234 183 2291 est
204 2224 281 2313 apud
300 2222 440 2286 Photiurn
459 2243 489 2309 p.
512 2220 585 2302 119,
608 2220 664 2285 16:
687 2216 881 2297 Ἰιονόκοσος·
903 2220 1072 2309 κατεαγῶς·
1093 2221 1191 2302 οὕτως
1210 2162 1306 2313 Χρο-

135 2320 226 2383 τΐνος.
270 2306 417 2372 Coniiciat
436 2306 565 2370 fortasse
587 2303 692 2389 aliquis
714 2300 904 2383 ῖωνόκυσθος
924 2309 1111 2375 scribendum
1132 2330 1217 2393 esso,
1248 2310 1305 2377 sed

135 2395 260 2460 alterum
281 2412 393 2477 qnoque
413 2391 470 2456 fuit
489 2390 644 2471 usitatum,
664 2388 724 2455 vid.
739 2388 912 2457 Eustathins
934 2393 1030 2459 adli.
1050 2392 1105 2460 IX.
1140 2394 1303 2479 .7to,17:

137 2485 168 2544 et
187 2477 372 2564 Hesychius:
407 2471 529 2551 Κνσός·
560 2470 580 2558 ἡ
609 2472 688 2558 noya}
715 2470 734 2558 ἢ
762 2487 930 2559 γυναικεῖον
957 2480 1092 2543 uidetur:
1118 2416 1196 2545 hinc
1223 2478 1303 2571 apud

136 2563 275 2671 eundem:
300 2563 425 2670 ‚K'm'd'
446 2564 602 2659 πασχητιᾷ
623 2567 653 2623 et
673 2563 888 2651 Κοσοδακνιᾷ·
913 2568 1022 2671 φωριᾷ
1043 2571 1073 2628 et
1091 2564 1303 2631 Κνσονίπται·

134 2643 1303 2819 κοιλκλιιιικίιλικῐ·οικικκολκκκῑ

134 2813 341 2897 ἐδεσμεύοντο.
374 2824 404 2880 ολ
424 2811 631 2879 Κνσολοίκων·
656 2812 856 2901 Ἀρίσταρχος
877 2819 954 2902 φησί
980 2816 1034 2881 τὸν
1054 2819 1200 2883 Κλεινίαν
1219 2816 1303 2885 οὕτω

133 2902 291 2986 λέγεσθαι,
319 2904 363 3007 κρῖ
389 2904 473 2989 κυσῷ
499 2900 715 2979 λακωνίζοντα·
741 2898 777 2964 τὸ
800 2901 834 2964 δὲ
853 2910 917 2978 τοῖς
945 2903 1095 2979 παιδικοῖς
1140 2899 1302 2989 ρῆσασθαι

131 2987 322 3065 Λακωνίζειν
342 2987 388 3051 ahs
408 3009 452 3049 ον.
495 2992 525 3049 et
544 2981 805 3070 Κοσοβολκχαρις·
831 2982 900 3068 ἤτοι
921 2985 975 3051 τὸν
994 2986 1088 3052 κοσόν
1106 2928 1141 3070 d(
1149 2993 1194 3079 τῷ
1214 2992 1301 3075 κνσῷ

130 3069 339 3157 μοριζόμενος.
382 3009 464 3145 duae
485 3069 584 3134 omnia
610 3090 650 3133 ex
671 3071 790 3155 antiqua
810 3071 960 3136 comoedia
980 3084 1050 3137 sunt
1068 3073 1169 3162 petita.
1210 3072 1301 3141 Adde

130 3157 270 3223 Photium
291 3177 320 3244 p.
341 3157 414 3240 192,
437 3156 492 3220 10:
528 3151 741 3235 Κοσινόχαιλος
765 3156 817 3218 καί
843 3152 1093 3238 ἐγκνσινὸχοιλος·
1120 3152 1223 3224 deind
1242 3162 1300 3225 τοῦ

131 3242 211 3305 κατὰ
230 3240 284 3306 τὸν
305 3240 398 3305 κνσὸν
418 3236 515 3304 τόπον
528 3236 639 3321 χωλός.
667 3239 717 3303 ubi
737 3240 945 3328 corrigendum
967 3238 1140 3324 κοσόχωλος
1161 3249 1192 3307 ot
1211 3242 1301 3327 dysco-

132 3322 277 3408 σόχωλος.
297 3360 341 3375 -
360 3326 478 3390 Novum
498 3324 615 3390 videtur
634 3324 817 3406 vocabulum,
839 3325 916 3410 quod
936 3324 1026 3391 affert
1034 3327 1160 3392 Photius
1203 3374 1213 3395 .
1301 3388 1304 3393 .

131 3411 188 3476 14:
221 3414 364 3492 Μᾶσμα·
392 3406 571 3491 μάστεομα,
599 3405 732 3491 ζήτημα·
764 3406 845 3473 οὕτω
864 3412 1029 3493 Κρατῖνος.
1063 3412 1108 3476 uti
1126 3348 1242 3499 illudq

62 3534 66 3543 .
130 3494 303 3603 Hesychius
324 3496 469 3560 servavit:
486 3490 692 3569 Ἐλλόπιδας·
713 3488 733 3576 ἦ
754 3495 834 3570 λέξις
853 3492 939 3578 παρὰ
959 3496 1122 3585 Κρατίνῳ·
1162 3496 1245 3583 ίγονε
1265 3494 1301 3563 dd

129 3605 217 3662 παρα
237 3578 311 3656 τοὺς
323 3576 459 3655 ’Ἕλλοος
479 3581 530 3644 καί
551 3578 628 3662 itys:
651 3582 758 3654 κοινῶς
783 3578 856 3655 τοὺς
876 3581 1003 3665 νίβρους
1023 3582 1075 3646 καλ
1094 3518 1169 3658 rode
1188 3604 1300 3667 στρσν-

128 3665 209 3741 θοὺς
229 3663 249 3747 ἢ
271 3663 411 3740 νεοττοὺς
432 3663 545 3750 ὄφεως·
567 3662 629 3728 ἀπὸ
650 3668 706 3728 τοῦ
727 3660 888 3729 ἅλλεσθαι.
910 3663 973 3730 Sed
993 3665 1021 3732 si
1041 3665 1154 3731 auctori
1165 3663 1300 3753 Etymtd.

128 3749 239 3837 Magni
259 3750 334 3816 fides
359 3750 498 3815 habenda
522 3756 581 3831 est,
608 3768 670 3813 non
695 3754 792 3837 potest
816 3750 875 3813 ista
895 3749 982 3814 lectio
1007 3750 1141 3840 probari:
1168 3750 1299 3817 iterim

128 3834 207 3899 hunc
237 3836 332 3924 ipsum
364 3833 459 3898 locum
485 3834 648 3923 respiciens
680 3854 852 3920 germanam
878 3835 984 3923 opinor
1009 3836 1142 3900 servavit
1170 3834 1303 3903 turmaru-

127 3940 158 4028 ρ.
174 3920 248 4000 331,
263 3922 320 3986 53:
338 3914 541 3996 Ἐλλόποιλες,
563 3920 620 4001 ait,
642 3921 693 3980 καί
713 3918 811 3982 ἐλλοί·
833 3917 863 3983 οἱ
883 3921 1033 4002 στρουθοί
1054 3922 1106 3983 καὶ
1128 3919 1158 3984 οἲ
1177 3920 1298 4007 νεβροί·

128 4003 189 4067 απὸ
209 4010 265 4068 τοῦ
293 4001 457 4068 ἅλλεσθαι·
490 4005 541 4066 καί
569 3998 734 4089 λλλοφόνος
759 3999 949 4090 ἧἍρτεμις,
974 4000 995 4087 ἦ
1018 4002 1219 4082 subedituus
1266 4028 1300 4071 o·

126 4085 273 4166 ναίουσα,
305 4085 408 4153 ὅέστι
428 4086 501 4165 τοὺς
527 4084 676 4196 ἐλάφους·
705 4087 881 4172 κυνηγετικὴ
901 4085 960 4175 γάρ
987 4087 1084 4153 ἔστιν·
1112 4088 1201 4166 mdc
1221 4028 1297 4173 ddi

125 4171 242 4260 ἔλαφος
268 4168 510 4257 ὑποκοριστικῶς
539 4170 601 4237 ἀπο
621 4177 678 4237 τοῦ
706 4170 822 4259 ἔλαφος
842 4170 861 4256 ἢ
884 4169 901 4236 ὃ
924 4174 956 4238 ἐν
977 4172 1035 4239 ἕλει
1055 4171 1113 4251 τὰς
1132 4171 1297 4259 διατριβὰς

125 4257 210 4341 ἔχων.
252 4257 397 4324 Fortasse
419 4259 496 4351 apud
517 4258 613 4350 ipsum
635 4256 791 4325 Cratinum
811 4258 995 4327 delectione
1015 4258 1236 4350 ambigebatur:
1263 4258 1296 4327 id
