2760 4792
99 201 164 269 358
488 178 891 265 COMMENTATIONES
936 190 941 201 “

101 366 121 451 ἢ
147 364 272 441 διώκεις.
313 368 380 430 EY.
408 360 532 429 Διώκω.
573 362 643 427 ΣΩ.
666 362 761 445 Τίνας
805 362 870 425 ΒΥ.
893 354 953 427 Ὃν
977 354 1097 425 διώκων
1124 348 1167 423 αὖ
1187 360 1269 425 δοκῶ

101 454 277 533 μαίνεσθαι.
319 451 389 514 ΣΩ.
414 453 457 513 Τί
476 448 525 527 δέ,
547 444 709 527 πετόμενόν
735 471 804 509 τινα
825 441 957 529 διώκειςς
998 444 1066 511 EY.
1086 446 1218 511 Πολλοῦ
1237 470 1270 529 γε

103 540 152 601 δεῖ
169 537 329 614 πέτεσθαι,
352 532 385 611 ὅς
404 558 437 617 γε
459 533 497 616 δὴ
518 528 656 615 τυγχάνει
678 529 721 594 ὤν
742 523 774 595 εὖ
795 527 882 612 μάλα
903 524 1086 613 πρεσβύτης.
1119 530 1191 596 ΣΩ.
1215 532 1271 607 Τίς

105 612 209 697 οὗτοςς
253 624 317 683 EY.
334 617 372 684 ‘0
394 617 467 699 ἐμὸς
488 617 601 701 πατήρ.
629 616 698 680 ΣΩ.
715 615 754 681 Ὁ
775 612 843 694 σός,
866 606 891 679 ὦ
911 614 1065 721 βέλτιστοη
1090 616 1158 679 EY.
1179 611 1271 679 Πάνυ

102 707 158 788 μὲν
179 698 243 769 οὖν.
285 704 356 769 ΕΩ.
372 702 458 767 Ἔστι
480 703 514 768 δὲ
535 702 573 785 δὴ
594 704 626 766 τί
646 702 680 766 sd
702 698 847 785 ἴγκλημα,
867 702 919 764 καὶ
938 700 1022 777 τίνος
1040 726 1061 785 η
1082 700 1169 783 δίνης
1206 702 1271 767 EY.

106 789 227 867 Φόνου,
261 782 478 873 ὦΣώκρατες.
520 788 626 873 Neque
646 808 719 851 vero
745 786 820 851 llaec
846 786 878 852 id
900 786 1107 875 comprobent,
1134 793 1173 851 οἱ
1198 806 1273 873 quad

102 876 258 964 Diogenes
279 882 392 957 narrat,
412 874 481 938 ficta
501 880 552 937 ant
568 872 647 1022 guod
669 872 828 960 opinantur
847 871 1007 959 depravata
1028 892 1110 937 esse:
1131 891 1203 935 nom
1222 870 1274 939 ille

103 962 177 1025 haec
187 961 265 1026 haud
280 960 368 1024 dubie
380 980 419 1024 ex
431 959 489 1023 ulio
510 978 566 1043 quo
587 980 634 1021 am
656 957 764 1038 hausit,
785 957 838 1021 sed
860 976 921 1022 non
934 956 999 1045 ipse
1020 960 1202 1023 commentus
1214 966 1272 1021 ests

103 1046 233 1110 fortasse
245 1044 376 1109 narratio
389 1044 441 1108 illa
454 1063 493 1107 ex
503 1044 570 1131 ipsa
581 1043 636 1106 hac
647 1043 748 1107 comici
764 1042 865 1106 sabula
880 1042 1035 1131 estpetita.
1054 1040 1143 1107 Plato
1197 1040 1273 1107 idon

103 1130 184 1195 illam
196 1131 275 1195 litem
282 1129 523 1217 Euthyphronem
534 1127 624 1191 tradit
635 1127 800 1191 intendisse
812 1127 890 1216 patri
900 1146 935 1191 eo
947 1133 1088 1215 tempore,
1099 1147 1156 1212 quo
1193 1148 1274 1191 ocra·

104 1222 149 1279 tes
163 1214 304 1279 aMeleto
320 1221 385 1278 erat
395 1218 564 1277 accusatus:
586 1213 628 1275 ita
641 1220 673 1276 ut
685 1210 810 1301 Eupolis
821 1232 879 1275 non
891 1212 1020 1301 potuerit
1029 1208 1274 1303 Euthyphronem

105 1301 253 1386 castigare
272 1305 392 1388 propter
412 1298 499 1362 istam
518 1297 680 1372 insaniam,
709 1297 735 1361 si
758 1318 829 1361 vera
850 1303 951 1361 essent
971 1317 1024 1380 ea,
1050 1316 1126 1381 qnae
1146 1295 1184 1362 de
1205 1304 1275 1361 tem·

104 1406 176 1491 pope
198 1384 267 1447 dicit
287 1382 374 1446 Plato
395 1404 424 1470 p.
445 1384 467 1445 2
487 1379 535 1465 A,
565 1382 615 1445 ubi
635 1381 835 1490 Euthyphron
857 1384 899 1446 its
920 1382 1087 1471 interrogat
1106 1378 1273 1455 Socraten:

109 1471 156 1533 ov
183 1464 240 1552 γάρ
269 1492 328 1531 που
358 1470 411 1531 καί
430 1491 479 1532 σοι
515 1467 582 1549 δίκη
604 1491 650 1543 τις
679 1491 757 1531 otuu
784 1463 921 1551 τυγχάνει
953 1463 1029 1545 πρὸς
1056 1464 1110 1531 τδν
1133 1466 1274 1547 βασιλέα,

105 1550 206 1661 ώηπρρ
234 1552 320 1657 ἐμοί..
353 1552 424 1660 ΣΩ;
462 1548 578 1660 (pileos
602 1549 643 1659 γίὴ
666 1549 830 1635 Ἀθηναῖοί
852 1576 901 1661 χε,
928 1540 1163 1659 ώΕὖθηίφρον,
1191 1552 1275 1659 δίκην

106 1662 203 1801 ναῒ
220 1641 491 1807 ωηο
506 1660 653 1808 ινα
675 1636 821 1833 thot
835 1634 1275 1813 easthammor

108 1808 218 1891 ἕτερον.
260 1806 332 1872 ΣΩ.
358 1805 404 1871 Οὐ
427 1805 484 1893 γὰρ
507 1799 570 1872 οὖν.
614 1810 681 1872 EY.
704 1806 795 1883 ’Allo
817 1828 851 1872 σε
878 1803 986 1891 dcto„
1027 1806 1099 1871 ΣΩ.
1120 1800 1215 1871 notro
1235 1830 1276 1893 γε.

106 1895 173 1955 EY.
196 1891 254 1968 Τίς
275 1882 384 1973 οὗτος,
406 1892 476 1955 ΣΩ.
497 1890 575 1955 Οὐδ’
597 1891 691 1969 αὐτὸς
712 1888 792 1957 πάνυ
811 1918 841 1956 τι
861 1888 1025 1977 γιγνώσκω,
1047 1883 1073 1957 ὦ
1093 1886 1275 1977 Εὖθδφρον,

106 1976 161 2043 τὸν
187 1974 295 2062 ἄνδρα.
339 1976 420 2052 Νίος
467 1972 506 2057 ἄρ
535 2001 581 2052 τις
606 2002 660 2057 μοι
688 1978 843 2061 φαίνεται,
870 1979 921 2041 καί
947 1974 968 2041 ἃ
999 1971 1062 2053 ’ὦς’
1093 1973 1276 2060 ὀνομάζουσι

106 2061 210 2144 μέντοι
239 2057 347 2139 αὐτόν,
380 2058 422 2136 ὡς
443 2001 574 2147 Appium,
603 2062 766 2143 Μέλητον·
799 2061 863 2129 ἔστι
890 2060 925 2127 δὲ
944 2087 962 2127 τ
981 2087 998 2124 ν
1019 2062 1119 2145 δῆμον
1138 2060 1276 2139 Her-fede

108 2146 140 2211 εί
160 2171 228 2212 τινα
254 2148 286 2211 ἓν
314 2151 356 2233 νῷ
384 2144 460 2228 ἔχεις
481 2146 606 2209 Har-‘flu
634 2147 795 2227 Μίλητον,
829 2142 893 2211 οἷον
918 2142 1134 2233 τετανότριχα,
1159 2150 1214 2213 καί
1241 2146 1275 2213 οδ

110 2227 190 2295 πάνυ
213 2229 359 2315 εὐγένειον
365 2277 375 2308 ,
398 2232 561 2315 ἐπίγρυπον
584 2231 627 2294 df.
657 2237 686 2295 et
707 2252 781 2316 quae
803 2253 864 2317 seq.
906 2230 1017 2301 Verum
1038 2232 1112 2297 satis
1135 2254 1170 2299 su
1191 2254 1278 2321 eropus

109 2324 208 2381 notum
231 2323 293 2397 est,
328 2336 413 2401 quam
433 2336 536 2402 parum
557 2315 645 2380 Plato
667 2337 766 2381 curam
792 2325 953 2407 temporum
979 2318 1103 2384 rationis
1129 2254 1276 2383 hahuerit:

110 2411 141 2467 ut
162 2400 237 2464 nihil
258 2401 364 2481 obstet,
387 2404 539 2484 quominus
560 2400 642 2464 illam
663 2401 858 2489 litigationem
878 2401 1025 2487 aliquanto
1047 2410 1116 2469 unte
1137 2404 1279 2471 accidisse

110 2492 280 2552 statuamus.
323 2484 421 2551 Unum
441 2492 538 2549 antem
557 2485 757 2573 fragmentum
779 2494 844 2569 est,
866 2507 905 2550 ex
927 2507 982 2571 quo
1003 2488 1151 2553 coniicere
1170 2488 1279 2577 possis,

111 2592 168 2657 quo
193 2571 258 2635 fere
279 2576 409 2658 ternpore
430 2569 515 2634 docta
536 2571 576 2634 sit
596 2571 714 2635 fabula:
746 2571 961 2660 Aristophanes
983 2571 1061 2637 enim
1086 2572 1119 2637 in
1143 2571 1281 2663 paschasi

113 2655 251 2719 editionis
271 2655 393 2720 alterius
414 2655 560 2737 Nubium,
601 2657 651 2719 ubi
673 2656 807 2743 graviter
832 2668 862 2720 et
883 2676 988 2720 severe
1009 2656 1148 2741 aequales
1168 2666 1281 2761 poetar,

113 2740 222 2803 iniuria
252 2740 310 2827 ipsi
336 2761 396 2803 non
416 2739 509 2803 semel
528 2740 693 2827 praelatos,
715 2742 857 2828 castigat,
885 2740 961 2826 quod
982 2740 1103 2829 frigidis
1125 2750 1156 2807 et
1176 2742 1282 2835 ineptis

114 2825 187 2891 iocis
228 2824 344 2911 opulum
365 2823 513 2889 delectare
534 2823 687 2907 studeant,
706 2825 781 2889 haec
802 2826 872 2889 dicit
891 2846 921 2889 v.
941 2824 1021 2889 5382

193 2846 251 2983 ‘lm
271 2908 306 2971 δὲ
325 2903 460 2991 σώφρων
480 2909 542 2972 ἐστὶ
565 2906 655 2993 φύσει
675 2908 854 2992 σκέψασθ’·
875 2906 942 2992 ἣτις
962 2914 1072 2995 πρῶτα
1090 2908 1148 2992 μίν

203 2992 301 3057 otte
341 2997 399 3055 λθε
419 2990 586 3101 ραψαμίνη
607 2990 746 3059 σκύτινον
766 2994 958 3075 καθειμένον,

196 3076 349 3164 ’Βρυθρδν
369 3080 402 3154 ἐξ
422 3075 534 3162 α’κρου,
556 3074 657 3159 παχδ,
684 3088 748 3154 τοῖς
769 3081 902 3156 παιδίοις
919 3077 962 3141 ‘lu'
978 3070 1006 3189 fi
1025 3078 1131 3162 γε’λως,

204 3162 283 3227 Οὐδ’
306 3162 429 3245 ἔσκωψε
449 3162 522 3237 τοὺς
542 3159 738 3250 φαλακρούς,
765 3162 840 3229 οὐδὲ
860 3160 977 3249 κόρδαχ
1013 3166 1159 3250 εἵλκυσεν,

204 3247 287 3313 Οὐδὲ
306 3243 480 3333 πρεσβύτης
500 3243 516 3312 ὃ
538 3247 634 3333 λέγων
653 3246 737 3331 τᾶπη
757 3254 796 3335 τῇ
816 3251 972 3334 βακτηρία

203 3329 320 3397 Tdma
340 3332 394 3396 τδν
414 3330 557 3417 παρόντ’,
631 3336 739 3413 ανίζων
759 3334 878 3416 πονηρὰ
899 3312 1081 3417 σκώμματα.

116 3416 175 3482 His
196 3418 306 3483 ultimis
327 3418 464 3482 versibus
484 3418 570 3505 tangi
590 3358 728 3507 dispolim
748 3421 863 3483 notavit
882 3419 1068 3485 Scholiasta:
1089 3414 1133 3496 ὥς
1153 3416 1288 3507 Εὔπολις

118 3502 151 3564 ἐν
175 3511 240 3579 τοῖς
265 3502 506 3587 Προσπαλτίοις.
549 3524 617 3567 nam
645 3525 719 3589 quae
750 3502 828 3569 alius
855 3502 1024 3569 Scholiasta
1054 3505 1092 3571 de
1124 3504 1288 3595 Hermippo

118 3586 239 3673 eiusque
260 3594 358 3651 actore
379 3586 564 3651 Simermone
585 3588 672 3670 dicit,
698 3611 735 3654 ea
755 3588 832 3653 male
858 3589 915 3653 huc
935 3589 1044 3655 tralata
1063 3596 1142 3655 sunt.
1185 3588 1290 3655 Senex

118 3671 192 3754 iste,
214 3693 299 3757 quem
319 3671 441 3757 frigidis
462 3673 536 3736 iocis
557 3672 704 3739 ludentem
725 3674 797 3738 fecit
817 3670 919 3762 poeta,
944 3676 1074 3739 fortusse
1094 3676 1152 3739 luit
1171 3672 1290 3761 Euthy-

137 3758 241 3821 hronis
261 3762 355 3844 pater.
377 3755 461 3828 (laod
482 3756 509 3819 si
526 3756 743 3847 Aristophanes
764 3758 812 3823 his
832 3759 969 3823 versibus
983 3757 1170 3849 Prospaltios
1191 3758 1292 3849 Eupo-

119 3778 188 3906 lidis
209 3840 338 3922 notavit,
359 3860 482 3905 necesse
503 3846 550 3905 est
569 3841 643 3907 haec
663 3842 765 3907 fabula
785 3850 854 3908 ante
874 3844 915 3908 sit
934 3845 1054 3933 scripta,
1075 3866 1162 3930 quam
1171 3842 1290 3909 Aristo-

119 3926 234 4017 phanes
254 3925 382 3989 Nubinm
409 3926 577 4015 psnahasim
602 3928 817 3993 retractaverit
847 3928 1080 4018 Aristophanem
1107 3938 1203 3993 autem
1230 3924 1292 3995 nori

122 4010 197 4075 alius
219 4010 368 4076 cuiusdam
390 4018 493 4099 poetae
514 4013 691 4077 comoediam
712 4014 878 4101 respicere,
899 4014 953 4080 sed
973 4012 1130 4101 Eupolidis
1149 4012 1294 4103 Prospal-

121 4097 195 4176 tios,
221 4094 293 4159 mihi
318 4096 575 4183 persuasissimum
596 4104 656 4162 est:
683 4119 752 4163 nam
773 4097 831 4162 alio
852 4118 965 4184 quoque
990 4098 1158 4163 testimonio
1185 4098 1294 4165 confir·

47 4186 50 4191 ’
124 4188 232 4245 matum
258 4187 306 4244 ert
330 4179 454 4265 aliquem
476 4182 507 4245 in
528 4181 585 4245 hac
610 4182 712 4247 fabula
730 4182 851 4271 ineptiis
877 4190 908 4248 et
926 4181 1092 4273 Megaricis
1112 4184 1188 4251 iocis
1208 4204 1294 4253 οοοοι

125 4286 208 4345 οιοος
231 4264 268 4331 οδ
288 4263 498 4355 Aristophanis
520 4267 598 4331 enim
618 4287 724 4333 versus
744 4266 777 4331 in
797 4266 909 4361 Vespis
927 4266 986 4339 56:
