2768 4770
271 209 330 275 uu
350 208 492 284 armo.
514 205 992 284 semesarumque.
1151 212 1216 278 τοο
1328 180 1334 191 ‘

84 379 156 467 ρχή
183 378 255 460 μὲν
284 370 349 442 οὗν
374 379 435 440 καὶ
463 372 545 440 οἷον
570 374 672 458 ψυχή
695 371 712 439 ό
737 381 864 457 μῦθος
890 379 957 461 τής
986 379 1212 466 τραγῳδίας.

84 489 129 532 em
156 485 228 529 vero
255 468 360 544 μῦθος
387 462 552 550 siguificat,
595 462 644 525 ubi
665 460 842 526 Aristotcles
869 463 906 526 de
933 463 1098 528 comoediae
1125 465 1156 528 vi
1184 474 1215 531 et

84 559 154 616 tura
175 549 308 615 disserit:
331 546 416 610 ίδίαν
436 555 521 610 vocat
541 545 775 634 Aristophanes,
798 555 828 610 ut
848 547 880 610 in
900 547 1036 611 Nubibus
1056 569 1086 613 v.
1106 547 1186 616 546:

136 632 215 700 Οὐδ’
238 629 322 714 ἀμάς
342 633 421 713 ζητῶ
445 630 598 706 ’ξαπατάν
619 632 666 705 δὶς
685 633 736 695 καί
757 633 823 713 τρίς
843 631 927 695 ταῦτ’
950 630 1086 716 εἰσάγων,

128 716 214 784 Ἀλλ’
239 716 284 780 ἀεί
307 715 412 791 καινάς
433 716 516 791 ἰδίας
536 715 685 800 εἰσφέρων
705 717 880 801 σοφίζομαι,

129 803 229 869 Οὐδὲν
248 799 426 883 ἀλλήλαισιν
454 797 563 881 ὁμοίας
582 803 633 863 καί
661 797 762 876 πάσας
783 797 893 878 δεξιάς.

84 910 133 956 om
155 886 262 952 deiude
284 885 404 970 εδρημα
424 884 494 949 dicit
514 906 542 950 v.
564 886 641 951 560:

124 969 232 1046 Ὅστις
254 963 307 1035 edu
327 966 462 1034 τοότοισι
482 974 570 1058 γελᾷ,
591 978 655 1045 τοῖς
675 969 759 1049 ίμοῖς
777 967 823 1050 μή
840 971 988 1076 χαιρέτω·

125 1055 188 1121 Ἢν
208 1053 242 1119 δ’
267 1056 334 1136 ἐμοὶ
355 1057 406 1118 καλ
427 1063 524 1137 τρΐσιν
544 1056 628 1136 δμοΐς
650 1052 856 1138 εὐφραίνησθ’
880 1051 1059 1139 εορήμασιν,
1121 1072 1129 1084 ‘

128 1139 182 1216 Ἐς
200 1139 258 1214 τὰς
277 1137 361 1223 όίρας
379 1139 435 1213 τὰς
456 1137 561 1225 ἕτίρας
581 1131 614 1203 eui
636 1147 758 1225 φρονεῖν
777 1135 928 1222 δοκήσετε.

92 1227 250 1301 ἐπίνοιαν,
272 1230 304 1288 ut
324 1224 356 1287 iu
376 1223 486 1312 Vespis
506 1245 535 1288 v.
557 1224 656 1289 1049:

130 1306 172 1375 ‘0
191 1309 225 1373 δὲ
245 1307 373 1391 ποιητής
395 1308 482 1372 οὐδέν
500 1310 610 1392 χείρων
637 1307 723 1393 παρὰ
743 1318 821 1373 τοῖσι
843 1317 952 1393 σοφοΐς
971 1305 1153 1392 νενόμισται,

121 1395 174 1459 Ἐἰ
195 1391 392 1479 παρελαύνων
411 1392 485 1469 τούς
506 1388 689 1469 ἀντιπάλους
708 1392 765 1475 τήν
785 1394 919 1458 ἐπίνοιαν
940 1395 1127 1478 ξυνέτριψεν.

84 1480 125 1548 ud
146 1479 233 1544 modo
254 1479 371 1542 dixerat
391 1479 526 1553 διανοίας
548 1478 657 1562 (neque
678 1479 756 1542 euim
778 1474 897 1542 διάνοια
917 1479 1059 1547 hocloco
1079 1482 1212 1572 proposi·

84 1588 108 1636 m
130 1563 342 1648 consiliumque
363 1571 466 1652 poetae
488 1563 651 1648 significat)
673 1583 702 1627 v.
726 1561 824 1627 1043:

136 1646 264 1713 Totdod'
289 1643 424 1731 εὑρόντες
446 1647 623 1722 ἀλεξίκακον
643 1652 698 1724 τῆς
716 1642 820 1731 χώρας
839 1648 931 1728 τῆσδε
951 1648 1115 1736 καθαρτήν

132 1731 273 1818 Πόρυσιν
290 1730 522 1815 καταπροόδοτε
548 1727 741 1804 καινοτάταις
761 1728 916 1815 σπείραντ’
938 1731 1034 1796 αὐτὸν
1055 1734 1211 1813 διανοίαις.

84 1818 118 1886 id
139 1825 237 1883 σιτίσαι
256 1817 329 1882 velit
353 1825 455 1906 poeta,
482 1816 554 1879 satis
580 1814 771 1903 perspicimus
799 1835 910 1896 exeo,
937 1815 1014 1899 quod
1039 1824 1069 1881 et
1089 1840 1211 1887 numero

84 1903 158 1971 mali
179 1923 251 1967 usus
271 1909 332 1983 est,
354 1909 384 1965 et
404 1896 584 1975 κοινοτάτας
605 1899 725 1963 adiecit:
753 1905 784 1963 et
803 1920 907 1965 rursus
928 1899 961 1962 iu
980 1898 1061 1964 Pace
1082 1922 1111 1969 v.
1132 1903 1213 1972 748:

135 1984 268 2051 Τοιαῦτ’
291 1985 414 2070 ἀφελὼν
434 1983 513 2049 κακά
533 1985 584 2048 καλ
606 1981 722 2070 φόρτον
741 1984 793 2046 καί
813 1980 1063 2066 βωμολοχεύματ’
1086 1983 1193 2073 ἀγεννῆ

129 2070 272 2154 Ἐποίησε
292 2071 398 2152 τέχνην
418 2065 551 2152 μεγάλην
570 2065 645 2152 ήμΐν
665 2065 842 2154 κάπόργωσ’
867 2065 1072 2153 οἰκοδομήσας

125 2153 251 2221 ’Ἐπεσιν
271 2151 412 2239 μεγάλοις
432 2156 483 2219 καλ
504 2155 653 2230 διανοίαις
673 2156 724 2217 καί
746 2152 929 2234 σκάμμασιν
950 2151 1006 2217 οάκ
1027 2153 1193 2242 ἀγοραίοις.

84 2262 224 2327 nmquam
253 2241 296 2305 ibi
317 2241 452 2314 διανοίας
477 2260 631 2329 possumus
653 2240 740 2304 etiam
766 2238 957 2327 probabiliter
978 2238 1014 2303 ad
1035 2245 1214 2330 propositam

84 2327 228 2393 atentiam
248 2326 378 2406 referre,
416 2333 512 2388 tamen
538 2325 614 2388 hauc
636 2324 750 2409 quidem
775 2330 862 2412 pocta
886 2324 983 2413 potius
1009 2325 1047 2390 iis
1068 2329 1214 2413 versibus,

84 2431 123 2477 os
146 2411 283 2475 contiuuo
304 2409 440 2488 subiicit,
462 2408 634 2495 siguificare
654 2408 785 2471 videtur:

140 2494 209 2560 Οάκ
230 2489 353 2569 ἰδιώτας
374 2493 608 2576 ἀνθρωπίσκους
629 2493 786 2576 κωμῳδῶν
807 2489 878 2555 otte
897 2499 1051 2575 γυναῖκας,

129 2577 218 2645 Ἀλλ’
236 2574 423 2662 Ἡρακλέους
445 2573 537 2660 ἀργήν
557 2575 616 2640 τιν’
641 2575 719 2657 ἔχων
738 2585 816 2640 τοῖσι
837 2579 989 2660 μεγίστοις
1009 2578 1160 2665 ἐπεχείρει.

84 2665 299 2817 rogareturquem
329 2663 432 2728 eodem
461 2661 547 2726 modo
574 2661 649 2726 dixit
675 2662 760 2727 etiam
788 2661 825 2727 de
851 2662 973 2728 cratete
1001 2661 1034 2728 iu
1059 2663 1216 2751 Equitibus

141 2833 220 2907 (δίας
240 2831 273 2895 δὲ
289 2828 418 2917 Κράτης
439 2829 530 2912 όργάς
549 2826 638 2911 ὑμῶν
657 2828 797 2912 η’νίσχετο
820 2830 871 2893 καί
892 2832 1130 2916 στυφελιγμοός·

128 2914 189 2993 Ὃς
209 2914 269 2980 ἀπὸ
287 2921 418 3000 σμικρᾶς
438 2911 576 2997 δαπάνης
596 2914 678 2996 ὑμᾶς
699 2913 858 2999 ἀριστίζων
879 2913 1062 2997 ἀπίπεμπεν,

133 2999 210 3067 Ἀπὸ
231 2998 447 3084 κραμβοτάτου
469 2997 622 3081 στόματος
641 2997 766 3081 μάττων
786 2995 984 3075 ἀστειοτάτας
1004 3002 1146 3077 ἐπινοίας.

84 3090 242 3161 δθοςινετο
263 3085 364 3150 eodem
385 3105 506 3173 prorsus
527 3086 622 3167 modo,
644 3105 699 3169 quo
711 3084 902 3164 Aristoteles,
923 3085 999 3149 dixit
1009 3087 1215 3172 grammaticus

84 3172 256 3252 cessimus,
277 3170 326 3254 qui
347 3170 383 3233 de
405 3169 553 3234 comoedia
574 3170 708 3257 scripsit,
730 3169 789 3233 vid.
807 3168 958 3257 Excerpta
978 3169 1055 3259 apud
1074 3168 1215 3238 Diudorf.

101 3255 174 3322 XII.
195 3253 252 3320 34:
282 3251 474 3337 Φερεκράτης
491 3253 654 3336 Ἀθηναῖος
675 3259 742 3316 νικά
769 3255 816 3317 ἐπὶ
838 3253 973 3338 θεάτρου
999 3249 1171 3337 γενόμενος’·
1197 3254 1214 3321 ό

84 3335 274 3424 λδποκριτὴς
295 3335 421 3420 ἐζήλωκε
443 3335 610 3421 Κράτητα·
632 3341 683 3401 καλ
705 3318 745 3400 αδ
766 3342 821 3401 τοῦ
843 3340 992 3423 λοιδορεῖν
1011 3337 1068 3419 μὲν
1088 3339 1215 3424 ἀπίστη,

84 3421 260 3535 ράγματα
281 3425 314 3487 δὲ
335 3422 545 3505 είσηγοόμενος
565 3422 676 3486 καινοὶ
696 3421 869 3504 ηὐδοκίμει,
889 3420 1047 3504 γενόμενος
1068 3419 1216 3508 εὑρετικὸς
1271 3461 1273 3464 ·

84 3515 178 3574 νθων.
200 3530 273 3594 quae
291 3529 474 3594 ,nequaquam
494 3508 653 3573 referenda
673 3516 743 3572 suut
763 3508 800 3573 ad
813 3507 929 3573 fabulas
943 3506 1028 3595 vulgi
1048 3529 1101 3574 ore
1121 3511 1216 3595 tutas,

84 3594 161 3659 ribus
187 3600 274 3681 poeta
300 3594 405 3674 utitur,
434 3613 528 3677 ueque
554 3614 625 3657 vero
651 3615 685 3656 re
704 3594 777 3674 erit,
809 3591 862 3657 sed
889 3592 926 3657 ed
953 3592 1021 3674 illa,
1047 3614 1122 3678 quae
1152 3595 1218 3685 ipse

84 3700 111 3745 ιο
138 3678 260 3766 ingenio
287 3678 401 3742 invenit
432 3686 517 3762 atque
544 3677 639 3786 fingit.
682 3614 744 3742 iam
777 3683 912 3789 apparet,
943 3677 1123 3743 Aristoteles
1149 3682 1217 3766 quid

84 3764 185 3828 >luerit
204 3763 252 3826 his
273 3763 390 3827 verbis:
420 3767 486 3825 Teii
508 3760 542 3824 δὲ
561 3768 685 3842 μνθονς
706 3771 801 3825 ποιεῖν
827 3762 1003 3849 Επίχαρμος
1022 3763 1074 3826 καὶ
1097 3762 1219 3847 Φόρμις

84 3851 167 3932 ρξαν·
197 3847 233 3910 τὸ
253 3847 309 3926 μὲν
331 3840 384 3911 σόν
411 3848 443 3921 ἐξ
471 3845 567 3929 ἀρχῆς
594 3849 627 3911 ἐκ
648 3848 786 3922 Σικελίας
810 3839 898 3932 ἦλθε.
941 3847 1009 3912 Ηοο
1034 3846 1112 3913 onim
1140 3849 1220 3935 dicit,
1269 3920 1274 3929 ⁴

84 3933 266 4021 picharmum
300 3939 330 3995 et
364 3932 509 3995 Phormiu
562 3933 652 3996 rimm
691 3933 775 4017 quasi
812 3939 945 3997 auctores
984 3930 1053 3997 'esse
1090 3936 1218 4000 comicae

84 4019 148 4099 rtis,
177 4038 240 4080 cum
269 4023 355 4080 autea
380 4016 471 4080 fuerit
495 3951 577 4080 rmiis
603 4037 725 4104 prorsus
753 4024 783 4080 et
802 4017 987 4118 imperfecta:
1029 4038 1120 4105 supra
1140 4021 1219 4086 euim

104 4099 327 4168 Mristoteles
349 4100 515 4165 comoediae
535 4101 694 4201 primordia
716 4123 734 4166 a
753 4100 885 4189 Margute
905 4101 1033 4189 repetiit,
1054 4121 1118 4166 cum
1138 4113 1219 4169 recte

84 4188 186 4252 'uisset
206 4185 291 4249 uobis
320 4193 465 4251 amatura
488 4187 608 4251 insutum
629 4206 697 4251 esse
723 4186 867 4252 irridendi
893 4185 1134 4274 vituperandique
1155 4197 1219 4254 stu-

84 4273 157 4338 iumt
182 4270 223 4336 Oi
235 4270 291 4353 μὲν
305 4269 363 4359 γὰρ
384 4266 558 4360 σεμνότεροι
577 4269 635 4348 τὰς
654 4270 750 4350 καλάς
770 4273 938 4357 δμιμοδντο
951 4266 1073 4357 πράξεις
1094 4275 1144 4337 καί
1165 4277 1221 4351 τάς
