2768 4770
128 235 193 303 274
511 224 914 300 COMMENTATIONES

127 400 259 467 cleonem
269 399 372 464 luorum
384 396 548 463 custodiunt
558 397 677 482 eiusque
688 398 819 462 morbum
828 393 1029 484 spectantibus
1043 410 1106 459 nou
1117 390 1185 459 tino
1195 391 1280 461 untur

126 486 241 550 facetiis
269 489 435 571 exponunt:
460 482 493 545 in
519 481 599 547 Pace
626 488 722 545 autem
743 482 800 545 duo
828 480 909 545 servi
934 479 1109 545 cantharum
1129 478 1278 546 nutrientes

127 570 341 655 colloquuntur:
371 588 426 630 nee
447 587 507 629 non
534 566 615 630 etin
636 563 971 653 Thesmophorinuusis‚
993 563 1130 649 quicum
1151 560 1276 653 Euripide

125 654 253 739 loquitur
265 652 478 732 Mnesilochus,
499 650 579 714 servi
600 650 665 714 sere
685 651 879 714 conditionem
902 670 974 739 prno
995 670 1030 713 so
1049 648 1126 713 sort:
1149 645 1182 714 iu
1195 646 1274 715 lteris

126 760 196 803 uero
226 738 373 802 Xanthius
404 757 467 799 cum
495 733 627 811 Boccho,
655 736 686 797 in
712 734 800 799 Pluto
832 734 958 819 denique
984 732 1079 798 altero
1107 730 1199 799 Curio
1224 753 1272 800 οιι

125 823 197 887 λιστα
220 821 382 907 Cluremylo
403 839 555 883 sermones
576 820 711 883 instituit.
755 818 832 883 lllud
854 829 964 883 certum
986 817 1123 899 videtur,
1149 815 1270 907 phollim

124 906 191 971 illas
219 907 381 969 cantilenas
407 905 443 968 ab
471 904 518 967 his
539 904 706 968 vernaculis
732 904 806 968 iocis
831 904 923 991 probo
952 900 1181 989 distinguendus
1208 922 1268 967 ruet

122 991 239 1055 uidetur
260 997 354 1054 autem
367 990 512 1053 obscoena
524 988 575 1052 illa
590 988 717 1089 plrallica
734 1009 817 1056 mnsu
838 1008 933 1072 nequo
954 995 1058 1075 postea
1078 1006 1201 1075 prorsus
1217 1006 1268 1052 τοι·

122 1075 257 1139 tinuisse:
279 1096 358 1153 nam,
380 1073 408 1139 si
428 1079 507 1136 reete
525 1073 659 1153 conireio,
680 1072 805 1137 humiles
826 1071 897 1136 illae
918 1080 949 1137 et
968 1072 1101 1137 lascivas
1115 1069 1266 1152 oontilcnrr,

122 1180 208 1247 quum
231 1158 365 1244 quamdiu
387 1158 506 1241 antique
527 1157 676 1221 comoedia
697 1156 818 1220 floreret
841 1176 963 1243 prorsus
984 1155 1149 1221 innuissent
1168 1164 1215 1221 nut
1228 1174 1265 1220 ιιι

123 1252 224 1307 essent
255 1241 427 1327 relegatae,
465 1246 548 1328 post,
582 1242 755 1305 comicorum
788 1253 938 1328 poetarum
958 1240 1096 1305 'lieentia
1127 1240 1266 1320 mtmru,

122 1328 227 1391 luetius
258 1326 345 1390 etiam
367 1325 530 1389 floruerunt
554 1333 584 1389 et
612 1326 649 1389 ad
671 1326 744 1389 artis
766 1326 910 1410 quandem
938 1326 1067 1389 sociem
1089 1324 1265 1389 conlornolst

121 1420 203 1475 sunt:
225 1410 438 1494 itaquechoros
460 1409 491 1472 in
514 1410 665 1474 orchestra
686 1410 828 1475 saltantes
850 1419 881 1473 ot
900 1346 1265 1497 phallioaoarminnctnou-

121 1508 166 1559 tes
188 1502 392 1559 commemorat
405 1493 576 1582 Hyperides
598 1494 673 1581 opud
688 1494 864 1581 llarpocrat.
883 1515 912 1582 p.
927 1494 1000 1575 100,
1012 1496 1071 1558 st:
1088 1488 1264 1578 'lddpuilw

115 1577 278 1661 Ὑπερίδης
299 1580 331 1641 ἐν
351 1583 394 1664 τῷ
417 1578 485 1641 κατ’
505 1576 773 1662 Ἀρχεστρατίδου·
800 1577 844 1643 Oi
864 1578 955 1653 τοὺς
975 1573 1221 1663 ἰθυφάλλους
1235 1576 1265 1640 dr

119 1669 161 1745 τῆ
193 1658 387 1744 ὀρχήστρα
417 1659 663 1744 ὀρχούμενοι·
692 1661 850 1743 ποιήματά
875 1687 943 1725 τινα
969 1658 1068 1738 nilum·
1094 1660 1208 1745 ίλίγετο
1227 1660 1264 1725 lrl

118 1727 162 1834 τήῦ
185 1751 298 1833 pallui
321 1726 469 1836 ήιλιίμενα,
490 1742 537 1823 ὡς
552 1745 695 1829 Λυγκεὺς
715 1749 747 1810 ἐν
767 1754 834 1820 ταῖς
850 1745 1049 1823 ’Ἐπιπολαῖς
1069 1748 1159 1833 φησί.
1178 1746 1265 1814 (tntu

119 1833 196 1897 enim
217 1834 248 1895 in
271 1810 322 1896 illa
343 1833 475 1896 oratione
496 1831 581 1919 plura
598 1833 634 1896 de
655 1854 689 1896 ro
711 1832 828 1895 scenica
848 1831 930 1897 illius
950 1840 1007 1897 tem
1028 1832 1092 1899 orio
1114 1850 1264 1897 comment·

117 1919 212 1997 rasit,
233 1918 276 1980 uti
298 1916 443 1981 Eubulum
464 1917 578 1981 mediae
600 1924 714 2002 poetam
736 1915 903 1981 comoediae
924 1937 942 1979 a
960 1917 1009 2005 pel
1022 1916 1102 1999 avit,
1122 1916 1183 1984 vid.
1202 1914 1264 1981 llar-

116 2009 225 2090 poerat.
242 2022 270 2100 p.
281 2002 333 2079 88,
352 2001 373 2064 6
395 2013 424 2064 et
441 1998 477 2063 de
494 2000 624 2063 theorico
645 2000 796 2080 disseruit,
818 1999 877 2066 vid.
893 1938 965 2067 ibid.
978 2022 1007 2089 p.
1017 2002 1074 2083 96,
1088 2000 1149 2081 283
1168 2000 1264 2065 violetur

118 2086 195 2149 enim
217 2084 258 2147 ibr
284 2084 389 2169 aliquis
416 2092 568 2147 accusatus
597 2105 681 2164 esse,
707 2084 782 2168 quod
811 2086 919 2151 absens
943 2086 1107 2151 theoricum
1130 2082 1265 2174 ncoepuit,

117 2167 148 2234 id
169 2168 245 2253 quod
266 2167 334 2254 lege
355 2175 420 2231 erat
435 2168 565 2231 vetitum.
599 2168 737 2254 lnprimis
759 2190 830 2232 vero
851 2169 921 2235 indo
942 2169 979 2235 ult
991 2168 1164 2235 Alexandri
1181 2165 1265 2257 magui

117 2253 310 2339 temporibus,
342 2252 446 2336 quibus
473 2252 560 2315 etiam
587 2251 696 2315 Bocchi
724 2252 833 2339 religio
862 2260 948 2340 atquo
978 2254 1073 2321 cultus
1102 2273 1182 2321 nova
1203 2250 1265 2341 oepit

117 2348 284 2433 augmenta,
305 2336 448 2423 pluallione
460 2336 635 2416 cantilenae,
657 2337 692 2400 ad
705 2338 777 2401 artis
791 2338 916 2423 aliquam
931 2338 1057 2403 [orntum
1070 2339 1265 2417 consumunt,

116 2431 146 2484 et
167 2442 197 2482 m
219 2420 343 2484 theatris
365 2442 383 2484 a
409 2421 507 2484 choris
528 2421 727 2485 recitabuntur
755 2430 785 2485 et
804 2423 918 2523 pompis
943 2422 1011 2488 aliis
1031 2444 1069 2489 ue
1088 2420 1266 2489 solemnitati·
1289 2479 1292 2486 .

117 2507 170 2569 bus
191 2505 343 2568 adiunctae
364 2511 465 2586 erant,
488 2505 545 2568 vid.
571 2504 781 2592 lliprolmhns,
803 2507 852 2589 qui
872 2528 905 2571 ιιι
925 2508 1018 2595 episto
1070 2508 1150 2597 opud
1169 2505 1265 2573 Δλλιοι.

115 2589 152 2656 V.
179 2612 208 2678 p.
233 2592 292 2653 teo
318 2588 360 2654 Ι).
394 2527 714 2659 carammlacelonts
750 2592 867 2678 nuptias
901 2590 1093 2658 describens:
1132 2586 1265 2673 Ἡσυχίας

115 2674 148 2737 δὲ
177 2673 351 2755 γενομένης,
379 2674 488 2758 inquit,
522 2672 769 2752 ίπεισβιίλλουσιν
798 2671 872 2754 ήμίν
903 2674 933 2739 ολ
962 2674 1020 2740 κᾶν
1050 2684 1118 2753 τοῖς
1142 2672 1265 2763 Χίτρονς

113 2767 178 2832 τοῖς
193 2754 343 2839 Ἀθήνησι
369 2754 650 2841 λειτουργήσαντες,
676 2757 752 2839 μεθ’
778 2756 831 2833 οὓς
856 2760 1002 2841 εἰσῆλθον
1028 2758 1200 2847 ίθιίιγιιλλιιι
1221 2758 1263 2823 md

114 2848 347 2927 κληροπαΐκται,
378 2843 432 2905 ιιαί
449 2866 525 2917 τινες
551 2844 602 2905 καί
623 2845 857 2925 θαυματουργοὶ
879 2853 1031 2927 γυναῖκες,
1062 2848 1107 2921 είς
1127 2846 1200 2995 Hpq
1216 2866 1262 2946 '¹02
1293 2869 1296 2876 ’

111 2933 261 3007 proruam
288 2928 421 3011 καὶπῦρ
444 2928 478 2991 ἐκ
498 2932 554 2990 τοῦ
580 2922 733 3007 πόματος
760 2930 964 3010 ἐκριπίζουσαι
989 2930 1114 3013 γυμναί.
1144 2929 1263 3030 υἰΙγΙ

113 3013 172 3095 illi,
198 3012 247 3097 qui
273 3018 382 3077 canunt
397 3011 452 3076 hos
473 3011 653 3088 cantilenas,
680 3020 822 3077 vocantur
841 3010 1030 3099 λθίφιιλλοιτ
1059 3014 1139 3079 undo
1158 3029 1263 3081 otuutno

113 3098 245 3161 homines
275 3096 380 3161 lascivi
410 3104 497 3180 atquo
529 3096 653 3184 improbi
679 3098 774 3161 vocati
805 3104 875 3162 sunt
906 3097 1008 3163 eodem
1038 3099 1175 3183 nomino,
1213 3094 1262 3164 rid.

114 3180 265 3246 Demosth.
286 3182 318 3245 in
340 3180 492 3247 Cononem
517 3180 570 3246 ll:
599 3182 687 3244 Εἰσὶν
708 3183 741 3245 do
761 3187 799 3264 τῇ
822 3179 905 3245 πόλει
927 3186 1035 3247 πολλοί
1055 3187 1161 3247 καλῶν
1179 3180 1261 3267 adyto·

113 3271 180 3327 θοῦν
199 3264 321 3348 ἀνδρῶν
341 3265 428 3341 υλεΐς,
458 3264 488 3328 oi
508 3266 663 3343 παίζοντες
684 3262 734 3329 οἷα
755 3264 916 3351 ίίνθριυποι
937 3267 1014 3341 olor,
1042 3269 1152 3353 σφίσιν
1170 3265 1261 3340 πολιαῖς

111 3351 283 3429 ἐπωνυμίας
307 3351 483 3431 πεποίηνται
510 3353 560 3413 καί
588 3355 715 3415 καλοῦσι
736 3352 808 3425 τοὺς
828 3353 885 3432 μίν
904 3347 1118 3437 ίθυιγάλλους,
1148 3347 1260 3429 τσιλςλί

111 3431 360 3514 αὐτοληκύθους,
386 3436 477 3513 ἐρῶσι
499 3437 527 3497 δ’
551 3436 584 3498 du
605 3435 722 3499 τούτων
742 3434 870 3516 ἑταιρῶν
890 3437 967 3511 τινές
986 3441 1052 3501 κτλ.
1079 3438 1120 3503 ol.
1139 3432 1259 3503 intuto

111 3528 141 3583 et
161 3538 263 3582 rursus
281 3521 336 3582 17:
363 3511 457 3584 Οὗτοι
477 3515 536 3601 γάρ
557 3521 631 3583 τίσιν
648 3520 676 3583 oi
697 3526 849 3595 τελοῦντες
870 3516 1021 3603 ἀλλήλους
1040 3526 1087 3609 τήλ
1107 3516 1258 3607 tdopdup

109 3605 160 3666 καί
181 3607 309 3665 τοιαῦτα
330 3609 499 3680 ποιοῦντες,
522 3601 543 3668 d
565 3604 680 3686 πολλὴν
705 3606 851 3688 αἰσχύνην
871 3604 930 3686 ἔχει
951 3609 1000 3670 καί
1022 3606 1133 3689 λίγεια,
1160 3605 1204 3690 μή
1221 3600 1259 3670 ln

108 3711 141 3770 γε
154 3686 192 3766 ιλή
215 3695 309 3749 ποιεῖν
319 3685 505 3768 ἀνθρώπους
524 3691 675 3771 μετρίους.
696 3690 773 3754 unde
795 3698 925 3778 apparel,
945 3690 1160 3757 Demostheni!
1177 3693 1259 3757 Μ

107 3772 298 3921 phallicorum
331 3773 489 3871 carminum
522 3796 659 3861 magnum
691 3783 721 3839 et
769 3775 951 3863 ervulgatam
983 3775 1080 3875 luisse
1111 3774 1258 3843 toruum

108 3856 412 4023 lltltltltlll
426 3858 1259 4033 ltt‘t'l..lllllll'ltltlllllltlt‘ddl

107 4022 467 4113 maeotidarum
501 4028 547 4091 lta
568 4029 653 4093 etiam
677 4028 829 4093 Demetrio
852 4030 964 4093 urbium
986 4030 1187 4117 expugnatori
1204 4045 1256 4094 αι

107 4109 158 4173 alii
180 4109 306 4174 artifices
328 4119 386 4175 tum
407 4112 449 4175 ith
464 4112 562 4201 phalli
585 4114 699 4177 obvium
722 4115 804 4177 missi
825 4124 905 4195 sunt,
925 4111 985 4178 vid.
999 4114 1202 4181 Demochare!
1217 4131 1256 4202 tp·

106 4192 215 4259 Athon.
235 4192 290 4261 Vl.
309 4198 411 4286 pass
461 4220 469 4261 ι
486 4194 579 4262 Ἀλλὰ
600 4200 650 4262 καί
673 4195 824 4285 προσόδια
844 4204 895 4263 καὶ
914 4200 1003 4283 χοροὶ
1025 4201 1078 4263 καλ
1099 4202 1113 4265 d
1147 4196 1157 4222 '

105 4275 171 4359 μετ’
187 4275 341 4362 ὀρχήσεως
361 4284 413 4345 sol
434 4280 519 4371 dlis
538 4279 681 4367 ἀπήντων
698 4283 784 4373 αὐτῷ
804 4286 857 4349 sod
875 4280 1076 4369 ἐφεστάμεναι
1097 4309 1156 4353 τιατ
1194 4279 1255 4358 ”lt

1269 3665 1304 3814 l

1290 4069 1304 4154 l
