2768 4770
128 206 172 275 80
510 192 916 276 COMIdENTfflONES

129 373 245 458 multis,
266 373 435 456 utvidetur,
496 396 550 440 ave
572 383 602 440 et
621 375 760 460 invisum,
779 376 811 442 id
832 376 959 443 comicus
980 377 1177 461 Λυκαμβόδα
1197 377 1261 465 όρχ

129 462 219 543 dixit,
241 462 377 546 quoniam
405 459 468 525 Arc
489 461 601 525 ilochus
629 463 787 526 acerrimas
809 485 874 526 cum
900 463 1055 550 Lycamhe
1081 467 1220 531 exercuit
1251 469 1261 533 i

127 547 277 612 imicitias:
299 546 376 645 quod
397 544 493 610 odium
520 548 593 610 satis
615 546 797 613 decantatum
819 547 925 612 deinde
951 549 983 612 in
1004 551 1194 638 proverbium
1215 552 1261 618 ahi

127 631 208 697 Hinc
229 632 352 696 Ovidlus
382 630 414 694 in
440 629 524 695 Ibide
550 652 579 694 v.
605 632 662 698 53:

210 714 397 781 Postmodo
423 715 451 778 si
475 736 600 803 perges,
633 717 665 780 iu
687 722 716 779 te
742 715 814 781 mihi
842 715 918 780 liher
937 716 1052 783 iamhus

227 801 365 903 ,Tincta
395 799 568 899 Lycambeo
596 801 743 888 sanguine
766 800 826 864 tela
847 801 936 866 dahit
1007 862 1009 866 ,

128 885 273 953 Hormus
293 908 325 949 m
347 883 573 1035 Eplsiitdindriis
585 888 764 1055 2aiiimosque
785 976 901 1034 secutus

208 1053 394 1134 Archilochi,
416 1076 476 1118 non
497 1076 547 1118 res
569 1063 599 1120 et
620 1056 739 1143 agentia
759 1055 851 1118 verha
871 1055 1055 1142 Lycamben.

123 1150 153 1208 et
171 1141 203 1208 in
225 1140 337 1229 Epodis
358 1138 412 1207 VI.
434 1140 499 1204 13.:

208 1225 308 1306 Cave,
330 1245 417 1302 cave:
460 1245 584 1309 namque
610 1223 642 1287 in
670 1222 763 1297 malos
784 1224 963 1314 asperrimus

327 1309 439 1372 Parata
459 1309 529 1373 tollo
551 1329 660 1372 cornua

209 1393 311 1470 Qualis
333 1393 505 1481 Lycambae
525 1393 619 1458 fretus
640 1391 731 1457 infido
754 1414 858 1481 gener.

545 2035 775 2105 CAPUT
817 2036 859 2104 11.

203 2237 254 2304 Ex
282 2237 398 2317 Cratini
424 2235 594 2314 Βουκόλοις
618 2260 711 2327 pauca
737 2246 848 2305 tantum
867 2241 1037 2328 fragmenta
1062 2209 1182 2308 servata
1206 2244 1261 2306 snut

12 2402 14 2407 ⁴
120 2331 150 2389 et
175 2325 224 2389 vel
251 2326 346 2412 ipsum
367 2346 475 2389 nomen
495 2324 613 2388 fabulae
635 2325 708 2388 satis
730 2326 884 2389 obscurum
905 2333 966 2406 est,
994 2347 1063 2390 uam
1085 2346 1141 2412 quo
1161 2326 1261 2393 consili

120 2411 239 2474 chorum
269 2417 417 2498 pastorum
445 2411 478 2491 (a
494 2411 593 2473 choro
620 2409 697 2473 enim
726 2417 758 2474 ut
784 2411 889 2475 multas
917 2411 991 2474 alias
1020 2412 1203 2494 comoedias,
1239 2411 1261 2477 it

119 2496 195 2560 hano
223 2515 335 2580 quoqne
363 2493 586 2583 appellationem
607 2495 753 2577 traxisse,
788 2497 850 2560 veri
878 2495 974 2560 simile
1002 2497 1077 2580 est,)
1104 2497 1138 2560 in
1165 2516 1261 2563 scena:

118 2575 269 2644 induxerit
289 2600 349 2642 uon
371 2580 535 2667 perspicio,
563 2600 657 2664 neque
678 2581 750 2644 libet
769 2580 1057 2669 uanam¹periclitari
1079 2581 1261 2647 coniecturas

117 2664 221 2749 Neque
247 2665 365 2728 omnino
392 2685 465 2748 quae
492 2664 583 2728 fuerit
609 2665 743 2728 instituta
768 2667 914 2729 sententia
941 2665 1107 2730 comoediae
1129 2664 1261 2767 explanat

116 2755 227 2838 potest:
271 2749 308 2814 ad
334 2749 439 2837 poesin
463 2749 641 2838 pertinuisse
667 2750 796 2814 fortasse
823 2772 862 2814 ex
888 2750 1000 2814 duobus
1021 2752 1216 2838 fragmentis,
1244 2748 1261 2817 d

117 2835 221 2918 quihus
243 2833 340 2897 statim
362 2833 488 2914 dicetur,
522 2834 627 2918 aliquis
649 2835 801 2916 coniiciat,
839 2834 892 2898 sed
919 2835 1018 2898 dubito
1046 2856 1085 2898 an
1110 2835 1171 2899 hoc
1192 2834 1261 2901 foed

115 2918 279 2985 institutum
325 2924 418 2982 oetae.
460 2917 623 2983 Exordium
645 2920 812 2984 comoediae
834 2919 918 3004 quale
947 2920 1052 3001 fuerit,
1085 2940 1126 2983 ex
1145 2918 1261 2985 looooi

116 3004 285 3069 scurissimo
298 2939 444 3089 fiesychii
464 3004 592 3091 perspici
612 3011 723 3091 potest3
745 3005 816 3068 dicit
836 3006 928 3068 enim:
949 3003 1174 3088 Πυρπερέγχιι·
1191 3006 1261 3091 Kpu

114 3097 195 3164 τΐκος
216 3087 277 3152 ἀπὸ
299 3084 497 3168 διθυράμβων
519 3090 551 3152 ἐν
572 3087 740 3162 Βουκόλοις
762 3086 945 3173 ἀρξάμενος,
987 3087 1089 3167 ἐπειδὴ
1108 3086 1205 3175 χορὸν
1224 3086 1261 3153 od

113 3172 238 3253 ἔλαβεν,
281 3173 318 3236 κε’
342 3179 398 3236 τοῦ
425 3171 571 3255 ἄρχοντος
597 3172 679 3237 ἔστιν
705 3164 742 3237 οὗ
763 3171 875 3256 ἠπόρει.
918 3171 964 3237 lto
1000 3173 1054 3238 eod
1074 3171 1153 3240 Van.
1178 3172 1261 3239 Low

113 3259 303 3324 difficillimus
324 3259 367 3322 ita
387 3257 503 3322 videtur
524 3259 673 3337 sanandus
695 3281 776 3323 esse:
819 3261 903 3342 Πῦρ
926 3261 1015 3343 πυρὶ
1037 3257 1152 3340 ἔγχει*
1189 3264 1261 3347 Kos

112 3353 194 3419 τῖνος
215 3343 276 3407 ἀπὸ
306 3340 506 3429 όιθυροόμβου
528 3344 560 3407 ἓν
582 3340 750 3419 Βουκόλοις
771 3340 953 3428 ἀρξόμενος,
986 3342 1088 3423 ἐπειδὴ
1106 3340 1203 3427 χορόν
1224 3340 1261 3409 od

112 3426 221 3508 ἔλαβεν
242 3427 342 3512 παρὰ
363 3433 418 3491 τοῦ
440 3425 602 3514 ἄρχοντος,
638 3428 723 3512 παρ’
755 3419 796 3492 οὗ
824 3424 964 3513 ᾐτήκει.
1008 3428 1149 3494 Cratinus
1171 3427 1210 3492 ab
1231 3448 1261 3495 11

112 3515 288 3578 chontenon
318 3512 413 3577 uidem
425 3535 460 3578 eo
472 3515 537 3601 ipso
549 3534 637 3595 anuo,
660 3536 715 3599 quo
725 3515 802 3577 hanc
822 3511 952 3578 subulam
974 3513 1085 3593 docuit,
1108 3511 1162 3576 sed
1182 3511 1261 3612 potiu

111 3619 171 3662 uon
191 3599 234 3663 ita
254 3534 344 3662 muita
365 3605 434 3663 ante
455 3600 575 3662 chorum
595 3599 734 3698 petierat:
755 3599 903 3686 repulsam
926 3620 996 3661 vero
1018 3598 1096 3661 tulit:
1117 3597 1166 3661 ira
1185 3596 1261 3684 agita

111 3683 197 3771 gravi
218 3690 394 3763 commotus,
428 3705 492 3749 cum
518 3685 661 3771 proxumis
682 3684 840 3770 Dionysiis
862 3682 898 3747 ab
921 3684 1061 3747 archonte
1082 3682 1204 3747 chorum
1223 3681 1261 3749 in

130 3768 303 3850 etravisset,
331 3770 422 3831 utitur
443 3768 498 3832 hac
519 3769 749 3868 opportunitate,
778 3777 810 3832 ut
835 3789 921 3832 omne
946 3769 1010 3831 irae
1031 3767 1113 3830 virus
1133 3767 1168 3830 in
1189 3767 1261 3833 istor

109 3789 256 3918 dominam
289 3859 412 3918 evomat
462 3851 603 3918 Cratinus
635 3862 730 3918 autem
762 3860 794 3917 ut
820 3860 865 3917 est
892 3853 983 3916 alacri
1008 3851 1130 3938 ingenio
1157 3851 1261 3939 aoriqu

108 3938 223 4019 auimo,
257 3960 276 4002 a
303 3937 448 4002 communi
474 3938 683 4003 consuetudine
708 3939 820 4002 recedit
846 3936 974 4086 (placida
1001 3937 1078 4000 enim
1100 3942 1130 3999 et
1149 3936 1261 4001 remisso

107 4022 292 4115 plerumque,
320 4024 362 4086 uti
384 4029 611 4087 cousentaneum
633 4030 694 4104 est,
726 4031 812 4086 erant
832 4023 863 4086 fa
884 4023 997 4086 uiarum
1018 4020 1157 4104 exordia)
1179 4020 1261 4087 etfa

108 4105 149 4173 eit
168 4108 287 4172 chorum
312 4127 422 4195 magno
449 4108 557 4195 impetu
584 4108 616 4171 iu
641 4109 820 4172 orchestram
846 4128 879 4170 se
906 4107 1058 4194 proripere
1080 4112 1111 4170 et
1130 4106 1261 4171 concitat

107 4192 237 4258 ommino
262 4193 295 4256 iu
321 4194 525 4282 magistratum
551 4193 634 4258 illum
659 4192 770 4258 invehi
820 4191 914 4258 Chori
941 4193 1018 4257 enim
1044 4211 1106 4254 non
1125 4190 1261 4256 solumir

106 4278 262 4368 tragoedia
287 4299 389 4344 verum
421 4279 508 4344 etiam
528 4278 562 4343 iu
582 4277 747 4360 comoedia,
779 4277 829 4343 uhi
854 4277 978 4368 pmruum
1005 4297 1060 4366 per
1091 4276 1261 4367 mchoetm
