2768 4770
108 202 153 272 co
498 149 903 271 coumuuruuuorus

106 375 220 458 φοιιλεῖ
234 375 278 437 τ’
298 378 409 459 ποιητῇ
431 374 463 438 ἓν
484 373 554 461 Χίῳ
576 369 764 457 συνήντησα,
799 368 847 436 ὅτε
869 370 949 435 {aaa
971 372 1013 447 εἷς
1033 368 1163 451 Λίσβον
1184 392 1276 455 στρα-

106 454 213 540 τηγός,
249 460 337 543 ανδρλ
365 453 522 522 παιδιώδει
549 457 626 543 παρ’
656 454 736 523 οἶνον
757 460 808 520 καὶ
831 460 934 540 δεξιῷ,
967 462 997 520 et
1017 456 1124 519 deinde
1145 462 1280 521 extremo

106 542 278 608 narratione
299 544 376 608 idem
397 543 488 607 tradit
508 540 684 631 Sophoclem
706 542 833 607 dixisse:
877 544 1022 618 Μελετῶ,
1045 536 1122 618 εἷπε,
1144 564 1280 626 στρατη-

106 634 182 710 γεῖν,
209 621 234 690 ὧ
255 625 376 712 άνδρες·
410 622 511 710 ἐπειδή
532 652 588 713 περ
612 630 763 713 Περικλῆς
783 634 878 691 ποιεῖν
897 626 953 707 μὲν
974 624 1027 707 ἐμὲ
1053 622 1123 711 ἔφη,
1144 648 1281 711 στρατη-

108 719 170 796 γεῖν
197 710 228 774 δ’
259 713 314 776 οὐκ
344 713 547 776 ἐπίστασθαι·
584 703 636 795 ἆρ’
662 703 716 776 οὗν
738 711 773 774 οὗ
801 709 873 774 κατ’
898 707 996 796 ὀρθόν
1011 734 1065 791 μοι
1086 710 1225 775 πέπτωκε
1245 708 1280 775 cd

110 791 330 881 orpordyppuo3
374 802 515 861 Τοιαῦτα
541 796 641 861 πολλοὶ
667 798 771 873 δεξιῶς
798 794 881 879 ἔλεγέ
904 820 935 859 τε
961 795 1012 858 καὶ
1034 793 1201 879 ἔπρησσεν,
1233 792 1282 859 lits

110 881 190 944 πίνοι
211 880 230 986 ή
253 883 368 960 παίζοι·
401 882 441 946 τά
466 880 569 963 μέντοι
597 879 737 946 πολιτικοὶ
759 878 828 945 oiim
849 905 886 945 σο
915 879 947 955 ὸς
969 876 1038 944 οάτε
1057 876 1215 967 ῥεκτήριος
1234 874 1281 963 dv,

111 964 181 1028 ἀλλ’
206 990 247 1042 ως
268 963 306 1031 άν
325 990 373 1041 τις
383 962 425 1043 εἷς
436 972 497 1030 τῶν
504 966 851 1050 χρηστιῦνἈθηνοιίιον.
887 906 1067 1031 llonciliavit
1078 972 1176 1030 autem
1187 964 1283 1029 Athe-

110 1051 265 1115 niensibus
296 1050 437 1116 auxilium
465 1050 608 1116 Chiorum
635 1058 665 1115 et
690 1051 886 1133 Lesbiorum,
927 1052 976 1135 qui
1008 1050 1118 1139 viginti
1154 1050 1283 1135 quinqua

111 1157 203 1200 naves
225 1136 382 1201 miserunt:
403 1136 464 1200 vid.
486 1135 626 1223 Thucyd.
640 1136 711 1200 ibid.
753 1133 901 1217 Ὕστερον
921 1135 956 1199 δὲ
976 1134 1081 1212 αὐτοῖς
1102 1132 1283 1218 ἐβοήθησαν

111 1221 144 1286 tx
170 1226 233 1286 τῶν
255 1219 398 1303 Ἀθηνῶν
424 1226 492 1302 νήες
516 1217 743 1305 τεσσαράκοντα
770 1223 821 1284 καὶ
841 1222 930 1285 Χίων
955 1222 1006 1284 καὶ
1027 1222 1176 1302 Λεσβίων
1196 1220 1283 1285 πέντε

112 1306 164 1368 καλ
185 1304 278 1370 εἴκοσι
300 1307 351 1369 καὶ
373 1302 543 1386 ἀποβάντες
564 1309 615 1369 καὶ
637 1311 819 1391 κρατοῦντες
840 1312 883 1392 τῷ
896 1307 974 1394 πεζῷ
991 1302 1191 1391 ἐπολιόρκουν
1201 1306 1283 1391 τρισλ

111 1389 219 1471 τείχεσι
241 1389 297 1472 τὴν
317 1386 405 1454 πάλιν
424 1391 476 1455 καλ
497 1391 532 1454 ἐκ
543 1386 705 1474 θαλάσσης
726 1388 803 1472 ἅμα.
845 1392 887 1456 Et
908 1414 925 1456 o
946 1392 1045 1456 eribus
1065 1391 1114 1455 his
1134 1390 1284 1457 faciendis

111 1472 275 1562 Sophocles
302 1496 414 1561 quoque
435 1496 500 1540 cum
526 1474 650 1563 collegis
672 1476 817 1564 praefuit,
839 1477 897 1541 rid.
919 1413 1027 1541 Xtrabo
1047 1475 1130 1545 XIV.
1151 1498 1182 1565 p.
1202 1472 1283 1541 446:

110 1561 301 1642 Πίμψαντες
321 1559 493 1645 στρατηγὸν
511 1560 665 1644 Περικλέα
687 1562 737 1623 καὶ
759 1559 816 1625 οὖν
837 1561 922 1648 αὐτῷ
933 1559 1096 1645 Σοφοκλία
1116 1558 1172 1626 τὸν
1191 1584 1286 1643 ποιη·

110 1644 166 1728 τήν
187 1646 347 1734 πολιορκίᾳ
367 1650 467 1720 κακῶς
488 1644 637 1728 διέθηκαν
657 1642 864 1723 ἀπειθοῦντας
873 1645 946 1722 τοδς
956 1646 1104 1728 Σαμίους.
1145 1645 1211 1711 lam
1223 1644 1286 1710 Pe·

110 1730 200 1794 ricles
221 1736 305 1818 parte
326 1730 472 1818 copiarum
484 1728 587 1793 relicta
601 1752 665 1795 cum
681 1731 842 1818 sexaginta
861 1732 986 1796 novibus
998 1730 1181 1795 Phoeniciae
1192 1728 1285 1795 classi

112 1816 228 1881 obviem
248 1816 396 1904 profectus
418 1824 478 1879 est:
499 1814 616 1879 iuterim
639 1814 734 1880 Samii
754 1817 880 1898 obsessi,
902 1816 1055 1906 eruptione
1074 1816 1165 1897 facta,
1186 1813 1286 1881 Athe·

112 1900 232 1965 nienses
253 1921 326 1965 neco
347 1902 428 1965 inato
450 1900 667 1988 aggrediuntur
694 1922 802 1986 eosque
829 1903 968 1985 vincunt,
1007 1908 1038 1965 et
1062 1899 1285 2000 quatrordecim

112 1983 176 2050 dies
206 1985 280 2050 mori
306 1922 399 2050 bbere
425 1991 556 2051 utuntur.
603 1984 739 2049 Pericles
766 2007 839 2050 vero
864 1987 952 2051 huius
978 1985 1152 2051 calamrtatis
1173 1986 1287 2051 certior

110 2068 207 2135 factus
229 2072 388 2134 revertitur
408 2076 438 2133 et
450 2068 567 2135 Samios
579 2068 674 2135 denuo
689 2070 843 2134 obsidione
857 2069 975 2137 claudit.
1017 2070 1104 2136 Haec
1116 2070 1286 2159 omuiage·

111 2160 159 2220 sta
180 2163 250 2218 sunt
268 2155 363 2219 tribus
384 2154 449 2220 fere
470 2156 637 2235 mensibus,
666 2154 886 2242 Munychioue,
912 2156 1135 2244 Thargelioue,
1164 2154 1285 2221 Scirro·

109 2239 265 2329 phorione.
304 2239 429 2303 Interim
455 2239 589 2304 Pericles
610 2238 739 2304 Athenis
761 2241 869 2305 absens
891 2240 987 2305 denuo
1007 2247 1127 2342 praetor
1147 2240 1285 2327 eligitur,

110 2324 238 2409 novique
258 2332 411 2412 praetores
431 2323 643 2413 Thucydides,
670 2323 798 2425 Hagno,
834 2326 925 2390 ceteri
950 2326 1035 2390 iuitro
1059 2325 1129 2390 anni
1159 2323 1286 2391 Samum

109 2409 303 2499 perveniunt,
344 2407 506 2509 Sophocles
543 2430 608 2474 cum
633 2409 708 2474 colle
743 2431 758 2474 s
790 2408 928 2475 Athenas
953 2409 1129 2476 revertitur:
1173 2407 1285 2475 deinde

111 2494 195 2559 Sami
207 2494 287 2559 urbis
306 2495 420 2559 obsidio
433 2495 629 2577 continuatur,
650 2500 680 2559 et
722 2496 813 2560 ecimo
828 2496 942 2560 demum
953 2518 1055 2560 mense
1076 2500 1284 2584 expugnatur:

110 2579 220 2647 sactum
240 2580 334 2668 igitur
344 2581 400 2645 hoc
421 2587 468 2644 est
493 2579 610 2667 Olymp.
637 2576 795 2650 LXXXV.
817 2602 895 2645 auno
917 2581 936 2645 1
957 2582 1023 2645 lere
1045 2586 1189 2661 extremo,
1213 2578 1285 2645 Mo-

110 2686 128 2729 r
151 2665 235 2729 chide
246 2666 394 2729 archonte.
425 2663 488 2728 Iam
510 2686 554 2754 eu¹
568 2664 616 2728 his
638 2666 851 2729 consectarium
868 2672 915 2730 est
925 2664 1110 2765 Antigonam
1123 2662 1285 2753 Sophoclis

112 2686 230 2837 (lemp.
242 2748 415 2818 LXXXIV.
436 2751 466 2812 3.
488 2746 585 2814 datam
607 2770 691 2814 esse:
714 2750 768 2816 sed
788 2751 863 2815 haec
883 2758 1047 2815 accuratrus
1068 2748 1209 2839 persequi
1224 2770 1285 2815 non

112 2846 160 2898 est
179 2834 267 2898 huius
288 2834 427 2898 instituti:
448 2833 519 2898 illuc
539 2834 724 2920 νεανίσκ’)

198 2918 391 3006 Thucydides
417 2918 528 3018 igitur,
559 2919 588 2983 si
608 2919 726 3009 Olymp.
750 2918 908 2989 LXXXV.
931 2919 1198 3008 subpraetor,
1221 2938 1286 2983 non

112 3004 155 3068 ita
175 3003 265 3068 multo
308 3010 354 3068 ost
374 3004 494 3068 exihum
516 3005 549 3067 iu
589 3005 693 3068 atriam
714 3005 866 3069 restitutus
887 3011 949 3069 est:
970 3004 1088 3069 videtur
1109 3010 1206 3068 autem
1219 3003 1284 3087 ille,

113 3109 197 3175 quem
218 3088 277 3153 iam
286 3025 378 3175 blym
400 3088 554 3152 ‚LXXXI
587 3093 637 3154 .3.
664 3088 797 3176 Sybarin
808 3112 841 3154 se
854 3090 1014 3154 contulisse
1025 3089 1089 3154 veri
1101 3087 1284 3155 simillimum

112 3180 169 3254 est,
191 3195 252 3238 uon
273 3181 341 3238 aute
363 3110 480 3273 Olymp.
499 3172 671 3243 LXXXIV.
695 3175 723 3239 1.
745 3181 774 3237 et
794 3174 827 3237 iu
847 3175 894 3238 ius
915 3181 1036 3239 vocatus
1058 3179 1088 3238 et
1108 3172 1285 3239 testularum

113 3258 260 3346 suffragio
274 3258 420 3323 ecivitate
431 3266 541 3322 erectus
557 3280 640 3323 esse:
671 3257 850 3324 Plutarchus
863 3259 941 3324 euim
956 3260 1025 3323 dicit
1035 3258 1067 3323 iu
1081 3258 1142 3323 vita
1152 3258 1285 3323 Periclis

112 3364 140 3409 c.
152 3343 208 3407 lb:
230 3343 324 3407 Μετὰ
345 3342 378 3406 δὲ
398 3341 454 3426 τήν
467 3344 659 3409 Θουκυδίδου
671 3339 837 3407 κατάλυσιν
858 3346 908 3407 καλ
930 3341 983 3409 τὸν
1005 3342 1214 3429 ὀστρακισμὸν
1228 3340 1287 3407 οιόι

111 3423 229 3493 ἐλάττω
248 3434 311 3492 τῶν
331 3429 542 3492 πεντεκαίδεκα
563 3430 639 3493 ἐτῶν
659 3425 800 3511 διήνεγκε.
845 3428 943 3495 Credo
963 3428 1057 3516 igitur
1072 3426 1287 3515 Thucydidem

111 3511 276 3577 Praxitelis
298 3534 376 3577 anno
397 3514 430 3577 in
451 3514 571 3578 exilium
593 3534 661 3578 esse
683 3513 822 3594 eiectum3
843 3514 991 3578 Periclem
1011 3534 1083 3578 vero
1098 3534 1164 3577 cum
1178 3518 1287 3602 poten·

112 3597 183 3662 tiam
205 3603 235 3661 et
258 3599 457 3663 auctoritatem
477 3597 715 3664 adversariorum
735 3598 895 3685 fregisset,
928 3598 1016 3662 focile
1037 3597 1226 3663 concessisse
1254 3602 1288 3663 ut

112 3683 206 3747 altero
228 3689 278 3745 aut
298 3683 385 3746 tertio
407 3703 484 3747 anuo
505 3690 573 3772 post
592 3688 792 3747 reverteretur
812 3683 844 3746 iu
864 3683 998 3769 patriam.
1032 3683 1110 3747 Nom
1132 3680 1169 3747 de
1190 3682 1287 3771 impe-

112 3774 212 3832 ratore
232 3767 284 3831 illo
305 3788 379 3852 quae
400 3777 576 3850 narrantur,
597 3768 634 3833 de
656 3767 835 3854 Thucydide
851 3767 997 3832 Melesiae
1021 3768 1083 3831 fibo
1110 3766 1287 3855 accipienda

112 3871 193 3935 esse,
215 3851 263 3916 vel
284 3872 324 3916 ex
343 3852 423 3916 vitae
444 3850 627 3940 Sophocleae
656 3859 775 3916 auctore
801 3853 955 3934 conficias,
997 3852 1047 3937 qui
1071 3853 1151 3917 bunc
1173 3860 1204 3916 et
1230 3874 1286 3917 no·

111 3935 166 4000 bili
187 3956 300 4022 genere
320 3944 420 4001 natum
441 3958 509 4001 esse
529 3937 641 4002 iudicet
661 3944 692 4001 et
710 3942 830 4026 praeter
850 3944 964 4001 ceteros
983 3959 1048 4001 cum
1062 3936 1182 4001 Pericle
1204 3938 1286 4001 com'·

110 4020 210 4110 ponit:
243 4041 368 4106 namque
390 4022 481 4086 ceteri
501 4021 716 4108 Thucydidas,
749 4042 822 4107 quos
847 4029 983 4086 recenset
1003 4020 1104 4087 Schol.
1124 4020 1285 4112 Aristoph.

181 4156 209 4235 f)
240 4154 386 4236 Commode
402 4155 595 4236 quamvis'sero
612 4157 723 4209 offertur
738 4156 853 4223 Kriigeri
869 4157 952 4223 liber,
969 4174 1047 4226 quem
1065 4156 1207 4210 historisch
1220 4158 1286 4229 phi-

111 4222 257 4288 lologrscbe
273 4224 385 4276 Studien
406 4224 555 4293 suscripsit,
583 4224 612 4277 in
637 4242 689 4293 quo
706 4244 732 4293 p.
751 4224 803 4278 208
819 4242 892 4293 seqq.
911 4231 1033 4278 accurate
1049 4227 1083 4278 de
1100 4226 1192 4280 Samio
1210 4228 1285 4281 hello

113 4292 251 4357 dissentit,
268 4307 322 4343 nou
339 4298 427 4345 taureu
445 4298 476 4345 ut
492 4292 567 4346 uobis
585 4309 660 4344 suram
677 4293 835 4346 seutentiam
857 4293 1017 4362 probauerit.
