<?xml version="1.0" encoding="UTF-8"?>
<!DOCTYPE html PUBLIC "-//W3C//DTD XHTML 1.0 Transitional//EN"
    "http://www.w3.org/TR/xhtml1/DTD/xhtml1-transitional.dtd">
<html xmlns="http://www.w3.org/1999/xhtml" xml:lang="en" lang="en">
 <head>
  <title>
</title>
<meta http-equiv="Content-Type" content="text/html;charset=utf-8" />
  <meta name='ocr-system' content='tesseract 3.04.00' />
  <meta name='ocr-capabilities' content='ocr_page ocr_carea ocr_par ocr_line ocrx_word'/>
</head>
<body>
  <div class='ocr_page' id='page_1' title='image "./commentationumd00berggoog_0096.png"; bbox 0 0 2760 4792; ppageno 0'>
   <div class='ocr_carea' id='block_1_1' title="bbox 148 265 935 342">
    <p class='ocr_par' dir='ltr' id='par_1_1' title="bbox 148 265 935 342">
     <span class='ocr_line' id='line_1_1' title="bbox 148 265 935 342; baseline -0.011 0"><span class='ocrx_word' id='word_1_1' title='bbox 148 274 192 342; x_wconf 79' lang='lat'><em>52</em></span> <span class='ocrx_word' id='word_1_2' title='bbox 531 265 935 335; x_wconf 81' lang='lat' dir='ltr'><strong>COMMENTATIONES</strong></span> 
     </span>
    </p>
   </div>
   <div class='ocr_carea' id='block_1_2' title="bbox 148 433 1372 3059">
    <p class='ocr_par' dir='ltr' id='par_1_2' title="bbox 149 433 1321 754">
     <span class='ocr_line' id='line_1_2' title="bbox 149 433 1320 530; baseline -0.005 -24"><span class='ocrx_word' id='word_1_3' title='bbox 149 439 344 530; x_wconf 87' lang='lat' dir='ltr'>copularetur.</span> <span class='ocrx_word' id='word_1_4' title='bbox 403 437 483 504; x_wconf 88' lang='lat' dir='ltr'>Hinc</span> <span class='ocrx_word' id='word_1_5' title='bbox 518 436 704 528; x_wconf 88' lang='lat' dir='ltr'>Lamponem</span> <span class='ocrx_word' id='word_1_6' title='bbox 742 434 820 503; x_wconf 86' lang='lat' dir='ltr'>ridet</span> <span class='ocrx_word' id='word_1_7' title='bbox 858 433 1078 526; x_wconf 79' lang='lat' dir='ltr'>Aristophanes</span> <span class='ocrx_word' id='word_1_8' title='bbox 1115 436 1147 500; x_wconf 91' lang='lat' dir='ltr'><em>iu</em></span> <span class='ocrx_word' id='word_1_9' title='bbox 1181 433 1320 502; x_wconf 85' lang='lat' dir='ltr'>Nubibus</span> 
     </span>
     <span class='ocr_line' id='line_1_3' title="bbox 150 525 1321 712; baseline -0.005 -37"><span class='ocrx_word' id='word_1_10' title='bbox 150 547 179 594; x_wconf 49' lang='lat' dir='ltr'><em>v·</em></span> <span class='ocrx_word' id='word_1_11' title='bbox 198 525 285 675; x_wconf 70' lang='grc' dir='ltr'><em>33Θά</em></span> <span class='ocrx_word' id='word_1_12' title='bbox 312 604 370 693; x_wconf 85' lang='grc' dir='ltr'><em>γάρ</em></span> <span class='ocrx_word' id='word_1_13' title='bbox 395 603 441 688; x_wconf 83' lang='grc' dir='ltr'><em>μά</em></span> <span class='ocrx_word' id='word_1_14' title='bbox 468 603 523 670; x_wconf 83' lang='grc' dir='ltr'><em>Δί’</em></span> <span class='ocrx_word' id='word_1_15' title='bbox 552 599 639 670; x_wconf 77' lang='grc' dir='ltr'><em>οἷσθ’</em></span> <span class='ocrx_word' id='word_1_16' title='bbox 670 598 752 712; x_wconf 40' lang='lat' dir='ltr'>dard!</span> <span class='ocrx_word' id='word_1_17' title='bbox 769 584 927 682; x_wconf 84' lang='grc' dir='ltr'><em>πλείστους</em></span> <span class='ocrx_word' id='word_1_18' title='bbox 959 594 1052 670; x_wconf 77' lang='grc' dir='ltr'><em>αὗται</em></span> <span class='ocrx_word' id='word_1_19' title='bbox 1083 598 1232 686; x_wconf 76' lang='grc' dir='ltr'><strong><em>βόσκουσι</em></strong></span> <span class='ocrx_word' id='word_1_20' title='bbox 1263 626 1321 669; x_wconf 85' lang='grc' dir='ltr'><em>σο-</em></span> 
     </span>
     <span class='ocr_line' id='line_1_4' title="bbox 684 709 783 754; baseline 0 -1"><span class='ocrx_word' id='word_1_21' title='bbox 684 709 783 754; x_wconf 88' lang='grc' dir='ltr'><em>ιστα·</em></span> 
     </span>
    </p>

    <p class='ocr_par' dir='ltr' id='par_1_3' title="bbox 206 714 1305 1029">
     <span class='ocr_line' id='line_1_5' title="bbox 206 714 1180 859; baseline -0.002 -21"><span class='ocrx_word' id='word_1_22' title='bbox 206 825 209 831; x_wconf 93' lang='grc'>.</span> <span class='ocrx_word' id='word_1_23' title='bbox 237 770 491 857; x_wconf 92' lang='grc' dir='ltr'><em>Θουριομάντεις,</em></span> <span class='ocrx_word' id='word_1_24' title='bbox 513 714 724 858; x_wconf 70' lang='grc' dir='ltr'><em>ιάτροτίχάἀς,</em></span> <span class='ocrx_word' id='word_1_25' title='bbox 746 715 1180 859; x_wconf 76' lang='grc' dir='ltr'><em>ἀφραγιιλονοχαργοκομητας,</em></span> 
     </span>
     <span class='ocr_line' id='line_1_6' title="bbox 233 855 1274 948; baseline -0.006 -22"><span class='ocrx_word' id='word_1_26' title='bbox 233 860 377 926; x_wconf 90' lang='grc' dir='ltr'><em>Κυκλίων</em></span> <span class='ocrx_word' id='word_1_27' title='bbox 398 882 429 922; x_wconf 89' lang='grc' dir='ltr'><em>τε</em></span> <span class='ocrx_word' id='word_1_28' title='bbox 448 865 551 942; x_wconf 84' lang='grc' dir='ltr'><em>χορῶν</em></span> <span class='ocrx_word' id='word_1_29' title='bbox 573 856 846 948; x_wconf 70' lang='grc' dir='ltr'><em>ᾀσματοκάμπτας,</em></span> <span class='ocrx_word' id='word_1_30' title='bbox 868 855 984 941; x_wconf 83' lang='grc' dir='ltr'><em>ἀνδρας</em></span> <span class='ocrx_word' id='word_1_31' title='bbox 1003 858 1274 942; x_wconf 76' lang='grc' dir='ltr'><em>μετεωροφένακας</em></span> 
     </span>
     <span class='ocr_line' id='line_1_7' title="bbox 239 938 1305 1029; baseline -0.005 -20"><span class='ocrx_word' id='word_1_32' title='bbox 239 944 338 1010; x_wconf 78' lang='grc' dir='ltr'><em>Οὐδὲν</em></span> <span class='ocrx_word' id='word_1_33' title='bbox 358 945 495 1029; x_wconf 74' lang='grc' dir='ltr'><em>δρῶντας</em></span> <span class='ocrx_word' id='word_1_34' title='bbox 514 939 666 1024; x_wconf 79' lang='grc' dir='ltr'><em>βίσκουσ’</em></span> <span class='ocrx_word' id='word_1_35' title='bbox 691 940 804 1027; x_wconf 81' lang='grc' dir='ltr'><em>ἀργοάς</em></span> <span class='ocrx_word' id='word_1_36' title='bbox 825 939 872 1005; x_wconf 83' lang='grc' dir='ltr'><em>ὅτι</em></span> <span class='ocrx_word' id='word_1_37' title='bbox 892 938 1007 1016; x_wconf 87' lang='grc' dir='ltr'><em>ταάτας</em></span> <span class='ocrx_word' id='word_1_38' title='bbox 1026 947 1278 1024; x_wconf 71' lang='grc' dir='ltr'><em>μουσοποιοῦσιν.</em></span> <span class='ocrx_word' id='word_1_39' title='bbox 1301 1006 1305 1015; x_wconf 82' lang='grc'><em>,</em></span> 
     </span>
    </p>

    <p class='ocr_par' dir='ltr' id='par_1_4' title="bbox 148 1022 1372 2298">
     <span class='ocr_line' id='line_1_8' title="bbox 150 1022 1322 1113; baseline -0.004 -19"><span class='ocrx_word' id='word_1_40' title='bbox 150 1030 201 1095; x_wconf 86' lang='lat' dir='ltr'><em>ubi</em></span> <span class='ocrx_word' id='word_1_41' title='bbox 226 1029 326 1095; x_wconf 83' lang='lat' dir='ltr'>Schol.</span> <span class='ocrx_word' id='word_1_42' title='bbox 350 1026 588 1113; x_wconf 78' lang='grc' dir='ltr'><em>Θουριομάντεις</em></span> <span class='ocrx_word' id='word_1_43' title='bbox 616 1029 650 1092; x_wconf 74' lang='grc' dir='ltr'><em>ἀί</em></span> <span class='ocrx_word' id='word_1_44' title='bbox 676 1026 711 1091; x_wconf 78' lang='grc' dir='ltr'><em>οὗ</em></span> <span class='ocrx_word' id='word_1_45' title='bbox 739 1025 812 1102; x_wconf 79' lang='grc' dir='ltr'><em>τοάς</em></span> <span class='ocrx_word' id='word_1_46' title='bbox 833 1024 894 1089; x_wconf 85' lang='grc' dir='ltr'><em>ἀπὸ</em></span> <span class='ocrx_word' id='word_1_47' title='bbox 919 1026 1054 1110; x_wconf 86' lang='grc' dir='ltr'><em>Θουρίου</em></span> <span class='ocrx_word' id='word_1_48' title='bbox 1074 1022 1212 1108; x_wconf 86' lang='grc' dir='ltr'><em>μάντεις,</em></span> <span class='ocrx_word' id='word_1_49' title='bbox 1239 1022 1322 1089; x_wconf 76' lang='grc' dir='ltr'><em>ἀλλὰ</em></span> 
     </span>
     <span class='ocr_line' id='line_1_9' title="bbox 149 1108 1304 1220; baseline -0.004 -41"><span class='ocrx_word' id='word_1_50' title='bbox 149 1116 224 1191; x_wconf 82' lang='grc' dir='ltr'><em>τοάς</em></span> <span class='ocrx_word' id='word_1_51' title='bbox 246 1117 288 1190; x_wconf 80' lang='grc' dir='ltr'><em>εἲς</em></span> <span class='ocrx_word' id='word_1_52' title='bbox 311 1110 445 1197; x_wconf 89' lang='grc' dir='ltr'><em>Θοάριον</em></span> <span class='ocrx_word' id='word_1_53' title='bbox 466 1112 664 1198; x_wconf 77' lang='grc' dir='ltr'><em>πεμφθέντας</em></span> <span class='ocrx_word' id='word_1_54' title='bbox 685 1113 733 1176; x_wconf 77' lang='grc' dir='ltr'><em>ἐπὶ</em></span> <span class='ocrx_word' id='word_1_55' title='bbox 763 1113 799 1175; x_wconf 80' lang='grc' dir='ltr'><em>τὸ</em></span> <span class='ocrx_word' id='word_1_56' title='bbox 825 1113 925 1174; x_wconf 89' lang='grc' dir='ltr'><em>κτίσαι</em></span> <span class='ocrx_word' id='word_1_57' title='bbox 947 1108 1054 1194; x_wconf 77' lang='grc' dir='ltr'><em>αὐτην.</em></span> <span class='ocrx_word' id='word_1_58' title='bbox 1093 1110 1304 1220; x_wconf 78' lang='grc' dir='ltr'><em>Ἔπίμρθησα</em></span> 
     </span>
     <span class='ocr_line' id='line_1_10' title="bbox 152 1135 1326 1280; baseline -0.003 -17"><span class='ocrx_word' id='word_1_59' title='bbox 152 1201 186 1263; x_wconf 74' lang='lat' dir='ltr'><em>dd</em></span> <span class='ocrx_word' id='word_1_60' title='bbox 212 1199 285 1264; x_wconf 78' lang='grc' dir='ltr'><em>ιλίκα</em></span> <span class='ocrx_word' id='word_1_61' title='bbox 310 1195 432 1280; x_wconf 72' lang='grc' dir='ltr'><em>ἀνδρες,</em></span> <span class='ocrx_word' id='word_1_62' title='bbox 461 1187 503 1260; x_wconf 78' lang='grc' dir='ltr'><em>ὧν</em></span> <span class='ocrx_word' id='word_1_63' title='bbox 524 1198 574 1259; x_wconf 82' lang='grc' dir='ltr'><em>καὶ</em></span> <span class='ocrx_word' id='word_1_64' title='bbox 596 1193 744 1277; x_wconf 81' lang='grc' dir='ltr'><em>Λάμπων</em></span> <span class='ocrx_word' id='word_1_65' title='bbox 771 1189 808 1279; x_wconf 78' lang='grc' dir='ltr'><em>ίγν</em></span> <span class='ocrx_word' id='word_1_66' title='bbox 834 1191 991 1276; x_wconf 81' lang='grc' dir='ltr'><em>ὁμάντις,</em></span> <span class='ocrx_word' id='word_1_67' title='bbox 1026 1193 1061 1258; x_wconf 82' lang='grc' dir='ltr'><em>ἀν</em></span> <span class='ocrx_word' id='word_1_68' title='bbox 1082 1197 1228 1280; x_wconf 73' lang='grc' dir='ltr'><em>ἐξηγητην</em></span> <span class='ocrx_word' id='word_1_69' title='bbox 1247 1135 1326 1259; x_wconf 51' lang='lat' dir='ltr'>{aad</span> 
     </span>
     <span class='ocr_line' id='line_1_11' title="bbox 151 1273 1326 1363; baseline -0.003 -16"><span class='ocrx_word' id='word_1_70' title='bbox 151 1291 235 1349; x_wconf 90' lang='grc' dir='ltr'><em>λουν.</em></span> <span class='ocrx_word' id='word_1_71' title='bbox 272 1273 331 1344; x_wconf 82' lang='grc' dir='ltr'><em>Ἦν</em></span> <span class='ocrx_word' id='word_1_72' title='bbox 359 1283 392 1346; x_wconf 76' lang='grc' dir='ltr'><em>δὲ</em></span> <span class='ocrx_word' id='word_1_73' title='bbox 413 1283 463 1344; x_wconf 79' lang='grc' dir='ltr'><em>καὶ</em></span> <span class='ocrx_word' id='word_1_74' title='bbox 485 1286 546 1344; x_wconf 79' lang='grc' dir='ltr'><em>τῶν</em></span> <span class='ocrx_word' id='word_1_75' title='bbox 567 1282 806 1362; x_wconf 75' lang='grc' dir='ltr'><em>πολιτευομένων</em></span> <span class='ocrx_word' id='word_1_76' title='bbox 831 1279 993 1355; x_wconf 82' lang='grc' dir='ltr'><em>πολλάκις·</em></span> <span class='ocrx_word' id='word_1_77' title='bbox 1036 1275 1145 1361; x_wconf 87' lang='grc' dir='ltr'><em>λόγους</em></span> <span class='ocrx_word' id='word_1_78' title='bbox 1173 1280 1206 1344; x_wconf 77' lang='grc' dir='ltr'><em>δὲ</em></span> <span class='ocrx_word' id='word_1_79' title='bbox 1233 1282 1326 1363; x_wconf 59' lang='lat' dir='ltr'>aava}</span> 
     </span>
     <span class='ocr_line' id='line_1_12' title="bbox 148 1360 1326 1452; baseline -0.002 -20"><span class='ocrx_word' id='word_1_80' title='bbox 148 1374 213 1452; x_wconf 80' lang='grc' dir='ltr'><em>χῶς</em></span> <span class='ocrx_word' id='word_1_81' title='bbox 239 1365 365 1449; x_wconf 76' lang='grc' dir='ltr'><em>εἰσάγειν</em></span> <span class='ocrx_word' id='word_1_82' title='bbox 392 1366 532 1450; x_wconf 76' lang='grc' dir='ltr'><em>ἐφαίνετο</em></span> <span class='ocrx_word' id='word_1_83' title='bbox 564 1368 631 1449; x_wconf 77' lang='grc' dir='ltr'><em>περὶ</em></span> <span class='ocrx_word' id='word_1_84' title='bbox 653 1371 708 1446; x_wconf 79' lang='grc' dir='ltr'><em>τῆς</em></span> <span class='ocrx_word' id='word_1_85' title='bbox 729 1369 770 1441; x_wconf 75' lang='grc' dir='ltr'><em>εἷς</em></span> <span class='ocrx_word' id='word_1_86' title='bbox 794 1360 928 1448; x_wconf 78' lang='grc' dir='ltr'><em>Θούριον</em></span> <span class='ocrx_word' id='word_1_87' title='bbox 948 1363 1099 1439; x_wconf 92' lang='grc' dir='ltr'><em>ἀποικίας.</em></span> <span class='ocrx_word' id='word_1_88' title='bbox 1142 1366 1256 1430; x_wconf 84' lang='lat' dir='ltr'>Decem</span> <span class='ocrx_word' id='word_1_89' title='bbox 1278 1365 1326 1430; x_wconf 77' lang='lat' dir='ltr'><em>vi·¹</em></span> 
     </span>
     <span class='ocr_line' id='line_1_13' title="bbox 151 1448 1325 1536; baseline -0.003 -18"><span class='ocrx_word' id='word_1_90' title='bbox 151 1476 202 1518; x_wconf 92' lang='lat' dir='ltr'>ros</span> <span class='ocrx_word' id='word_1_91' title='bbox 224 1474 288 1516; x_wconf 90' lang='lat' dir='ltr'>cum</span> <span class='ocrx_word' id='word_1_92' title='bbox 310 1451 379 1514; x_wconf 91' lang='lat' dir='ltr'>dicit</span> <span class='ocrx_word' id='word_1_93' title='bbox 399 1449 558 1514; x_wconf 77' lang='lat' dir='ltr'><strong>scholiasta</strong></span> <span class='ocrx_word' id='word_1_94' title='bbox 579 1450 712 1514; x_wconf 86' lang='lat' dir='ltr'>coloniae</span> <span class='ocrx_word' id='word_1_95' title='bbox 734 1449 921 1514; x_wconf 79' lang='lat' dir='ltr'>deducendae</span> <span class='ocrx_word' id='word_1_96' title='bbox 942 1448 1126 1536; x_wconf 78' lang='lat' dir='ltr'>praefuisse,</span> <span class='ocrx_word' id='word_1_97' title='bbox 1148 1451 1221 1532; x_wconf 84' lang='lat' dir='ltr'>(nisi</span> <span class='ocrx_word' id='word_1_98' title='bbox 1242 1451 1325 1515; x_wconf 82' lang='lat' dir='ltr'>forto</span> 
     </span>
     <span class='ocr_line' id='line_1_14' title="bbox 151 1533 1327 1623; baseline -0.002 -21"><span class='ocrx_word' id='word_1_99' title='bbox 151 1538 203 1602; x_wconf 89' lang='lat' dir='ltr'>illc</span> <span class='ocrx_word' id='word_1_100' title='bbox 224 1557 363 1600; x_wconf 89' lang='lat' dir='ltr'>numerus</span> <span class='ocrx_word' id='word_1_101' title='bbox 385 1543 536 1623; x_wconf 89' lang='lat' dir='ltr'>corruptus</span> <span class='ocrx_word' id='word_1_102' title='bbox 554 1541 610 1616; x_wconf 81' lang='lat' dir='ltr'>est,</span> <span class='ocrx_word' id='word_1_103' title='bbox 632 1534 874 1618; x_wconf 86' lang='lat' dir='ltr'>scribendumque</span> <span class='ocrx_word' id='word_1_104' title='bbox 896 1533 934 1610; x_wconf 82' lang='lat' dir='ltr'><em>d&#39;,</em></span> <span class='ocrx_word' id='word_1_105' title='bbox 961 1533 991 1597; x_wconf 90' lang='lat' dir='ltr'><em>h.</em></span> <span class='ocrx_word' id='word_1_106' title='bbox 1014 1555 1039 1596; x_wconf 87' lang='lat' dir='ltr'><em>e.</em></span> <span class='ocrx_word' id='word_1_107' title='bbox 1061 1534 1219 1620; x_wconf 73' lang='grc' dir='ltr'><em>τέσσαρες)</em></span> <span class='ocrx_word' id='word_1_108' title='bbox 1243 1556 1327 1600; x_wconf 75' lang='grc' dir='ltr'><em>αιτιοι·</em></span> 
     </span>
     <span class='ocr_line' id='line_1_15' title="bbox 152 1616 1327 1708; baseline -0.001 -22"><span class='ocrx_word' id='word_1_109' title='bbox 152 1644 208 1708; x_wconf 90' lang='lat' dir='ltr'><em>que</em></span> <span class='ocrx_word' id='word_1_110' title='bbox 235 1620 334 1685; x_wconf 87' lang='lat' dir='ltr'>decern</span> <span class='ocrx_word' id='word_1_111' title='bbox 361 1641 454 1684; x_wconf 88' lang='lat' dir='ltr'>naves</span> <span class='ocrx_word' id='word_1_112' title='bbox 481 1625 602 1683; x_wconf 87' lang='lat' dir='ltr'>ornatae</span> <span class='ocrx_word' id='word_1_113' title='bbox 630 1627 660 1682; x_wconf 90' lang='lat' dir='ltr'><em>et</em></span> <span class='ocrx_word' id='word_1_114' title='bbox 684 1618 815 1706; x_wconf 82' lang='lat' dir='ltr'>repletae</span> <span class='ocrx_word' id='word_1_115' title='bbox 842 1617 954 1682; x_wconf 85' lang='lat' dir='ltr'>suerint</span> <span class='ocrx_word' id='word_1_116' title='bbox 981 1616 1109 1699; x_wconf 83' lang='lat' dir='ltr'>colonis,</span> <span class='ocrx_word' id='word_1_117' title='bbox 1151 1618 1273 1683; x_wconf 88' lang='lat' dir='ltr'>videtur</span> <span class='ocrx_word' id='word_1_118' title='bbox 1291 1618 1327 1685; x_wconf 81' lang='lat' dir='ltr'><em>in</em></span> 
     </span>
     <span class='ocr_line' id='line_1_16' title="bbox 152 1702 1327 1791; baseline -0.002 -20"><span class='ocrx_word' id='word_1_119' title='bbox 152 1707 208 1771; x_wconf 86' lang='lat' dir='ltr'><em>hac</em></span> <span class='ocrx_word' id='word_1_120' title='bbox 235 1724 347 1791; x_wconf 86' lang='lat' dir='ltr'>quoque</span> <span class='ocrx_word' id='word_1_121' title='bbox 373 1727 407 1769; x_wconf 90' lang='lat' dir='ltr'>re</span> <span class='ocrx_word' id='word_1_122' title='bbox 434 1703 534 1768; x_wconf 89' lang='lat' dir='ltr'>decem</span> <span class='ocrx_word' id='word_1_123' title='bbox 561 1704 688 1768; x_wconf 83' lang='lat' dir='ltr'>tribuum</span> <span class='ocrx_word' id='word_1_124' title='bbox 714 1704 790 1767; x_wconf 92' lang='lat' dir='ltr'>ratio</span> <span class='ocrx_word' id='word_1_125' title='bbox 818 1722 886 1766; x_wconf 90' lang='lat' dir='ltr'>esse</span> <span class='ocrx_word' id='word_1_126' title='bbox 911 1702 1021 1766; x_wconf 86' lang='lat' dir='ltr'>habita.</span> <span class='ocrx_word' id='word_1_127' title='bbox 1070 1702 1111 1766; x_wconf 88' lang='lat' dir='ltr'><em>Et</em></span> <span class='ocrx_word' id='word_1_128' title='bbox 1136 1703 1214 1768; x_wconf 90' lang='lat' dir='ltr'>Lam</span> <span class='ocrx_word' id='word_1_129' title='bbox 1236 1718 1327 1771; x_wconf 76' lang='lat' dir='ltr'>onon</span> 
     </span>
     <span class='ocr_line' id='line_1_17' title="bbox 152 1725 1327 1875; baseline -0.003 -19"><span class='ocrx_word' id='word_1_130' title='bbox 152 1792 246 1857; x_wconf 85' lang='lat' dir='ltr'>fuisse</span> <span class='ocrx_word' id='word_1_131' title='bbox 279 1790 358 1852; x_wconf 89' lang='lat' dir='ltr'>inter</span> <span class='ocrx_word' id='word_1_132' title='bbox 389 1789 477 1853; x_wconf 90' lang='lat' dir='ltr'>duces</span> <span class='ocrx_word' id='word_1_133' title='bbox 511 1788 680 1853; x_wconf 89' lang='lat' dir='ltr'>colonorum</span> <span class='ocrx_word' id='word_1_134' title='bbox 715 1788 785 1852; x_wconf 91' lang='lat' dir='ltr'>dicit</span> <span class='ocrx_word' id='word_1_135' title='bbox 818 1787 906 1851; x_wconf 86' lang='lat' dir='ltr'>etiam</span> <span class='ocrx_word' id='word_1_136' title='bbox 938 1785 1110 1872; x_wconf 83' lang='lat' dir='ltr'>Hesychius</span> <span class='ocrx_word' id='word_1_137' title='bbox 1142 1809 1171 1853; x_wconf 89' lang='lat' dir='ltr'><em>v.</em></span> <span class='ocrx_word' id='word_1_138' title='bbox 1206 1725 1327 1875; x_wconf 77' lang='grc' dir='ltr'><em>Θουρι-</em></span> 
     </span>
     <span class='ocr_line' id='line_1_18' title="bbox 153 1868 1328 1958; baseline -0.003 -16"><span class='ocrx_word' id='word_1_139' title='bbox 153 1872 306 1958; x_wconf 89' lang='grc' dir='ltr'><em>ομάντεις·</em></span> <span class='ocrx_word' id='word_1_140' title='bbox 339 1871 412 1948; x_wconf 75' lang='grc' dir='ltr'><em>τοὺς</em></span> <span class='ocrx_word' id='word_1_141' title='bbox 440 1875 507 1956; x_wconf 88' lang='grc' dir='ltr'><em>περὶ</em></span> <span class='ocrx_word' id='word_1_142' title='bbox 533 1869 703 1953; x_wconf 89' lang='grc' dir='ltr'><em>Λάμπωνα</em></span> <span class='ocrx_word' id='word_1_143' title='bbox 725 1872 828 1957; x_wconf 83' lang='grc' dir='ltr'><em>φασίν·</em></span> <span class='ocrx_word' id='word_1_144' title='bbox 852 1875 893 1946; x_wconf 87' lang='grc' dir='ltr'><em>είς</em></span> <span class='ocrx_word' id='word_1_145' title='bbox 913 1869 971 1956; x_wconf 87' lang='grc' dir='ltr'><em>γάρ</em></span> <span class='ocrx_word' id='word_1_146' title='bbox 994 1868 1133 1958; x_wconf 78' lang='grc' dir='ltr'><em>Σάβαριν</em></span> <span class='ocrx_word' id='word_1_147' title='bbox 1153 1871 1209 1954; x_wconf 78' lang='grc' dir='ltr'><em>τὴν</em></span> <span class='ocrx_word' id='word_1_148' title='bbox 1230 1871 1328 1938; x_wconf 80' lang='grc' dir='ltr'><em>ἀποι-</em></span> 
     </span>
     <span class='ocr_line' id='line_1_19' title="bbox 153 1953 1329 2045; baseline -0.001 -19"><span class='ocrx_word' id='word_1_149' title='bbox 153 1962 222 2026; x_wconf 89' lang='grc' dir='ltr'><em>κίαν</em></span> <span class='ocrx_word' id='word_1_150' title='bbox 248 1959 364 2042; x_wconf 72' lang='grc' dir='ltr'><em>λέγεται</em></span> <span class='ocrx_word' id='word_1_151' title='bbox 385 1954 534 2038; x_wconf 85' lang='grc' dir='ltr'><em>Λάμπων</em></span> <span class='ocrx_word' id='word_1_152' title='bbox 562 1957 691 2041; x_wconf 87' lang='grc' dir='ltr'><em>ἀγαγεῖν·</em></span> <span class='ocrx_word' id='word_1_153' title='bbox 718 1958 795 2031; x_wconf 72' lang='grc' dir='ltr'><em>τινὲς</em></span> <span class='ocrx_word' id='word_1_154' title='bbox 822 1956 856 2019; x_wconf 73' lang='grc' dir='ltr'><em>δὲ</em></span> <span class='ocrx_word' id='word_1_155' title='bbox 879 1953 989 2034; x_wconf 89' lang='grc' dir='ltr'><em>μάντιν</em></span> <span class='ocrx_word' id='word_1_156' title='bbox 1011 1954 1093 2020; x_wconf 75' lang='grc' dir='ltr'><em>ὄντα.</em></span> <span class='ocrx_word' id='word_1_157' title='bbox 1136 1956 1240 2040; x_wconf 83' lang='lat' dir='ltr'>Alios,</span> <span class='ocrx_word' id='word_1_158' title='bbox 1274 1954 1329 2045; x_wconf 66' lang='lat' dir='ltr'><em>qui</em></span> 
     </span>
     <span class='ocr_line' id='line_1_20' title="bbox 153 2039 1372 2129; baseline -0.001 -20"><span class='ocrx_word' id='word_1_159' title='bbox 153 2067 214 2110; x_wconf 91' lang='lat' dir='ltr'>una</span> <span class='ocrx_word' id='word_1_160' title='bbox 234 2066 299 2108; x_wconf 90' lang='lat' dir='ltr'>cum</span> <span class='ocrx_word' id='word_1_161' title='bbox 319 2043 475 2129; x_wconf 86' lang='lat' dir='ltr'>Lampone</span> <span class='ocrx_word' id='word_1_162' title='bbox 496 2042 629 2105; x_wconf 91' lang='lat' dir='ltr'>coloniae</span> <span class='ocrx_word' id='word_1_163' title='bbox 651 2039 838 2104; x_wconf 84' lang='lat' dir='ltr'>deducendae</span> <span class='ocrx_word' id='word_1_164' title='bbox 859 2040 1058 2126; x_wconf 79' lang='lat' dir='ltr'>praefuerint,</span> <span class='ocrx_word' id='word_1_165' title='bbox 1080 2050 1222 2107; x_wconf 85' lang='lat' dir='ltr'>memorat</span> <span class='ocrx_word' id='word_1_166' title='bbox 1240 2042 1328 2109; x_wconf 89' lang='lat' dir='ltr'>Pho·</span> <span class='ocrx_word' id='word_1_167' title='bbox 1369 2060 1372 2065; x_wconf 84' lang='lat'>&#39;</span> 
     </span>
     <span class='ocr_line' id='line_1_21' title="bbox 153 2121 1329 2216; baseline -0.003 -22"><span class='ocrx_word' id='word_1_168' title='bbox 153 2130 212 2194; x_wconf 87' lang='lat' dir='ltr'>tius</span> <span class='ocrx_word' id='word_1_169' title='bbox 233 2149 262 2216; x_wconf 91' lang='lat' dir='ltr'><em>p.</em></span> <span class='ocrx_word' id='word_1_170' title='bbox 283 2126 412 2207; x_wconf 84' lang='lat'><strong>93,19:</strong></span> <span class='ocrx_word' id='word_1_171' title='bbox 448 2121 701 2210; x_wconf 83' lang='grc' dir='ltr'><em>Θουριομάντεις·</em></span> <span class='ocrx_word' id='word_1_172' title='bbox 723 2124 795 2199; x_wconf 83' lang='grc' dir='ltr'><em>τοὺς</em></span> <span class='ocrx_word' id='word_1_173' title='bbox 816 2125 883 2206; x_wconf 83' lang='grc' dir='ltr'><em>περὶ</em></span> <span class='ocrx_word' id='word_1_174' title='bbox 903 2122 1089 2203; x_wconf 82' lang='grc' dir='ltr'><em>Λάμπωνα·</em></span> <span class='ocrx_word' id='word_1_175' title='bbox 1120 2126 1175 2209; x_wconf 80' lang='grc' dir='ltr'><em>τὴν</em></span> <span class='ocrx_word' id='word_1_176' title='bbox 1195 2125 1255 2213; x_wconf 83' lang='grc' dir='ltr'><em>γάρ</em></span> <span class='ocrx_word' id='word_1_177' title='bbox 1282 2128 1329 2205; x_wconf 77' lang='grc' dir='ltr'><em>είς</em></span> 
     </span>
     <span class='ocr_line' id='line_1_22' title="bbox 153 2205 1288 2298; baseline 0.006 -25"><span class='ocrx_word' id='word_1_178' title='bbox 153 2212 294 2295; x_wconf 76' lang='grc' dir='ltr'><em>Σάβαριν</em></span> <span class='ocrx_word' id='word_1_179' title='bbox 319 2210 463 2272; x_wconf 84' lang='grc' dir='ltr'><em>ἀποικίαν</em></span> <span class='ocrx_word' id='word_1_180' title='bbox 484 2209 513 2272; x_wconf 79' lang='grc' dir='ltr'><em>οἳ</em></span> <span class='ocrx_word' id='word_1_181' title='bbox 532 2209 588 2289; x_wconf 78' lang='grc' dir='ltr'><em>μὲν</em></span> <span class='ocrx_word' id='word_1_182' title='bbox 607 2205 766 2289; x_wconf 89' lang='grc' dir='ltr'><em>Λάμπωνι</em></span> <span class='ocrx_word' id='word_1_183' title='bbox 789 2207 1003 2272; x_wconf 74' lang='grc' dir='ltr'><em>ἀνατιθέασιν·</em></span> <span class='ocrx_word' id='word_1_184' title='bbox 1036 2210 1066 2274; x_wconf 79' lang='grc' dir='ltr'><em>οἷ</em></span> <span class='ocrx_word' id='word_1_185' title='bbox 1086 2211 1120 2274; x_wconf 71' lang='lat' dir='ltr'><em>dd</em></span> <span class='ocrx_word' id='word_1_186' title='bbox 1139 2210 1288 2298; x_wconf 82' lang='grc' dir='ltr'><em>Ξενοκρίτ</em></span> 
     </span>
    </p>

    <p class='ocr_par' dir='ltr' id='par_1_5' title="bbox 150 2292 1351 3059">
     <span class='ocr_line' id='line_1_23' title="bbox 155 2292 1270 2380; baseline 0.002 -20"><span class='ocrx_word' id='word_1_187' title='bbox 155 2297 184 2365; x_wconf 83' lang='lat' dir='ltr'><em>oi</em></span> <span class='ocrx_word' id='word_1_188' title='bbox 206 2295 240 2359; x_wconf 69' lang='lat' dir='ltr'><em>dt</em></span> <span class='ocrx_word' id='word_1_189' title='bbox 260 2299 303 2380; x_wconf 81' lang='grc' dir='ltr'><em>τῷ</em></span> <span class='ocrx_word' id='word_1_190' title='bbox 329 2295 484 2356; x_wconf 83' lang='grc' dir='ltr'><em>Χαλκιδεῖ</em></span> <span class='ocrx_word' id='word_1_191' title='bbox 500 2292 672 2379; x_wconf 83' lang='grc' dir='ltr'><em>Διονυσίῳ·</em></span> <span class='ocrx_word' id='word_1_192' title='bbox 706 2293 735 2357; x_wconf 80' lang='grc' dir='ltr'><em>οἳ</em></span> <span class='ocrx_word' id='word_1_193' title='bbox 762 2292 796 2356; x_wconf 74' lang='grc' dir='ltr'><em>δὲ</em></span> <span class='ocrx_word' id='word_1_194' title='bbox 821 2297 968 2375; x_wconf 91' lang='grc' dir='ltr'><em>καθαρίοι</em></span> <span class='ocrx_word' id='word_1_195' title='bbox 994 2299 1038 2380; x_wconf 78' lang='grc' dir='ltr'><em>τῷ</em></span> <span class='ocrx_word' id='word_1_196' title='bbox 1058 2293 1204 2360; x_wconf 91' lang='grc' dir='ltr'><em>Λάκωνι·</em></span> <span class='ocrx_word' id='word_1_197' title='bbox 1237 2296 1270 2362; x_wconf 74' lang='grc' dir='ltr'><em>οἳ</em></span> 
     </span>
     <span class='ocr_line' id='line_1_24' title="bbox 154 2377 1351 2469; baseline 0.003 -24"><span class='ocrx_word' id='word_1_198' title='bbox 154 2380 332 2465; x_wconf 80' lang='grc' dir='ltr'><em>Πλησίππιρ</em></span> <span class='ocrx_word' id='word_1_199' title='bbox 349 2377 516 2465; x_wconf 81' lang='grc' dir='ltr'><em>Ἀθηναίῳ.</em></span> <span class='ocrx_word' id='word_1_200' title='bbox 544 2379 594 2443; x_wconf 82' lang='lat' dir='ltr'><em>ubi</em></span> <span class='ocrx_word' id='word_1_201' title='bbox 616 2377 802 2443; x_wconf 88' lang='lat' dir='ltr'>scribendum</span> <span class='ocrx_word' id='word_1_202' title='bbox 824 2385 871 2442; x_wconf 89' lang='lat' dir='ltr'><em>est</em></span> <span class='ocrx_word' id='word_1_203' title='bbox 891 2378 921 2441; x_wconf 80' lang='grc' dir='ltr'><em>οἳ</em></span> <span class='ocrx_word' id='word_1_204' title='bbox 942 2378 976 2442; x_wconf 77' lang='grc' dir='ltr'><em>δὲ</em></span> <span class='ocrx_word' id='word_1_205' title='bbox 1001 2383 1032 2442; x_wconf 94' lang='lat' dir='ltr'><em>X</em></span> <span class='ocrx_word' id='word_1_206' title='bbox 1038 2385 1139 2468; x_wconf 82' lang='grc' dir='ltr'><em>αλκῷ</em></span> <span class='ocrx_word' id='word_1_207' title='bbox 1152 2381 1328 2469; x_wconf 81' lang='grc' dir='ltr'><em>Διονυσίῳτ</em></span> <span class='ocrx_word' id='word_1_208' title='bbox 1347 2396 1351 2407; x_wconf 89' lang='grc'><strong>’</strong></span> 
     </span>
     <span class='ocr_line' id='line_1_25' title="bbox 154 2458 1327 2554; baseline 0.001 -23"><span class='ocrx_word' id='word_1_209' title='bbox 154 2489 223 2532; x_wconf 89' lang='lat' dir='ltr'>uam</span> <span class='ocrx_word' id='word_1_210' title='bbox 243 2466 270 2530; x_wconf 78' lang='lat' dir='ltr'><em>is</em></span> <span class='ocrx_word' id='word_1_211' title='bbox 292 2484 404 2550; x_wconf 87' lang='lat' dir='ltr'>quoque</span> <span class='ocrx_word' id='word_1_212' title='bbox 425 2463 558 2528; x_wconf 89' lang='lat' dir='ltr'>coloniae</span> <span class='ocrx_word' id='word_1_213' title='bbox 579 2463 737 2528; x_wconf 85' lang='lat' dir='ltr'>mittendae</span> <span class='ocrx_word' id='word_1_214' title='bbox 759 2464 856 2529; x_wconf 87' lang='lat' dir='ltr'>suerat</span> <span class='ocrx_word' id='word_1_215' title='bbox 875 2463 1039 2554; x_wconf 82' lang='lat' dir='ltr'>particeps3</span> <span class='ocrx_word' id='word_1_216' title='bbox 1062 2474 1163 2532; x_wconf 81' lang='lat' dir='ltr'>auctor</span> <span class='ocrx_word' id='word_1_217' title='bbox 1184 2476 1231 2532; x_wconf 87' lang='lat' dir='ltr'><em>est</em></span> <span class='ocrx_word' id='word_1_218' title='bbox 1250 2458 1327 2535; x_wconf 87' lang='lat' dir='ltr'>Plu·</span> 
     </span>
     <span class='ocr_line' id='line_1_26' title="bbox 155 2544 1330 2640; baseline 0.002 -24"><span class='ocrx_word' id='word_1_219' title='bbox 155 2551 274 2616; x_wconf 89' lang='lat' dir='ltr'>tarchus</span> <span class='ocrx_word' id='word_1_220' title='bbox 294 2551 327 2614; x_wconf 90' lang='lat' dir='ltr'><em>iu</em></span> <span class='ocrx_word' id='word_1_221' title='bbox 347 2550 408 2614; x_wconf 87' lang='lat' dir='ltr'>vita</span> <span class='ocrx_word' id='word_1_222' title='bbox 426 2550 531 2614; x_wconf 86' lang='lat' dir='ltr'>Niciae</span> <span class='ocrx_word' id='word_1_223' title='bbox 553 2571 577 2615; x_wconf 91' lang='lat' dir='ltr'>c.</span> <span class='ocrx_word' id='word_1_224' title='bbox 598 2549 635 2617; x_wconf 82' lang='lat'><em>5:</em></span> <span class='ocrx_word' id='word_1_225' title='bbox 680 2553 745 2614; x_wconf 80' lang='grc' dir='ltr'><em>Καὶ</em></span> <span class='ocrx_word' id='word_1_226' title='bbox 775 2546 791 2615; x_wconf 84' lang='grc' dir='ltr'><em>ὃ</em></span> <span class='ocrx_word' id='word_1_227' title='bbox 819 2544 954 2630; x_wconf 85' lang='grc' dir='ltr'><em>μάλιστα</em></span> <span class='ocrx_word' id='word_1_228' title='bbox 980 2556 1080 2615; x_wconf 78' lang='grc' dir='ltr'><em>ταῦτα</em></span> <span class='ocrx_word' id='word_1_229' title='bbox 1101 2555 1330 2640; x_wconf 75' lang='grc' dir='ltr'><em>συντραγῳδῶν</em></span> 
     </span>
     <span class='ocr_line' id='line_1_27' title="bbox 156 2627 1328 2724; baseline 0.001 -23"><span class='ocrx_word' id='word_1_230' title='bbox 156 2638 208 2701; x_wconf 76' lang='grc' dir='ltr'><em>καί</em></span> <span class='ocrx_word' id='word_1_231' title='bbox 228 2636 456 2718; x_wconf 74' lang='grc' dir='ltr'><em>συμπεριτιθεὶς</em></span> <span class='ocrx_word' id='word_1_232' title='bbox 477 2632 566 2717; x_wconf 79' lang='grc' dir='ltr'><em>ι’ίγκον</em></span> <span class='ocrx_word' id='word_1_233' title='bbox 588 2633 671 2721; x_wconf 81' lang='grc' dir='ltr'><em>αὐτῷ</em></span> <span class='ocrx_word' id='word_1_234' title='bbox 693 2638 744 2699; x_wconf 79' lang='grc' dir='ltr'><em>καὶ</em></span> <span class='ocrx_word' id='word_1_235' title='bbox 766 2633 871 2714; x_wconf 76' lang='grc' dir='ltr'><em>δόξαν,</em></span> <span class='ocrx_word' id='word_1_236' title='bbox 889 2632 992 2721; x_wconf 84' lang='grc' dir='ltr'><em>Ἶίρων</em></span> <span class='ocrx_word' id='word_1_237' title='bbox 1011 2627 1064 2719; x_wconf 79' lang='grc' dir='ltr'><em>ἦν,</em></span> <span class='ocrx_word' id='word_1_238' title='bbox 1086 2636 1163 2722; x_wconf 81' lang='grc' dir='ltr'><em>ἀνὴρ</em></span> <span class='ocrx_word' id='word_1_239' title='bbox 1184 2643 1328 2724; x_wconf 86' lang='grc' dir='ltr'><em>τεθραμ·</em></span> 
     </span>
     <span class='ocr_line' id='line_1_28' title="bbox 150 2716 1327 2809; baseline 0.003 -26"><span class='ocrx_word' id='word_1_240' title='bbox 150 2720 246 2809; x_wconf 81' lang='grc' dir='ltr'><em>μίνος</em></span> <span class='ocrx_word' id='word_1_241' title='bbox 267 2722 314 2783; x_wconf 76' lang='grc' dir='ltr'><em>ἐπὶ</em></span> <span class='ocrx_word' id='word_1_242' title='bbox 336 2725 391 2802; x_wconf 80' lang='grc' dir='ltr'><em>τῆς</em></span> <span class='ocrx_word' id='word_1_243' title='bbox 413 2721 509 2793; x_wconf 74' lang='grc' dir='ltr'><em>οἰκίας</em></span> <span class='ocrx_word' id='word_1_244' title='bbox 529 2724 585 2784; x_wconf 79' lang='grc' dir='ltr'><em>τοῦ</em></span> <span class='ocrx_word' id='word_1_245' title='bbox 606 2721 734 2798; x_wconf 84' lang='grc' dir='ltr'><em>Νικίου,</em></span> <span class='ocrx_word' id='word_1_246' title='bbox 766 2721 837 2805; x_wconf 87' lang='grc' dir='ltr'><em>περί</em></span> <span class='ocrx_word' id='word_1_247' title='bbox 859 2745 891 2784; x_wconf 92' lang='grc' dir='ltr'><em>τε</em></span> <span class='ocrx_word' id='word_1_248' title='bbox 911 2716 1080 2805; x_wconf 90' lang='grc' dir='ltr'><em>γράμματα</em></span> <span class='ocrx_word' id='word_1_249' title='bbox 1102 2724 1154 2786; x_wconf 83' lang='grc' dir='ltr'><em>καλ</em></span> <span class='ocrx_word' id='word_1_250' title='bbox 1173 2720 1327 2807; x_wconf 69' lang='grc' dir='ltr'><em>μουσικὴν</em></span> 
     </span>
     <span class='ocr_line' id='line_1_29' title="bbox 155 2799 1327 2890; baseline 0.005 -21"><span class='ocrx_word' id='word_1_251' title='bbox 155 2803 357 2886; x_wconf 76' lang='grc' dir='ltr'><em>ἓξησκημίνος</em></span> <span class='ocrx_word' id='word_1_252' title='bbox 383 2799 439 2867; x_wconf 75' lang='grc' dir='ltr'><em>ὑπ’</em></span> <span class='ocrx_word' id='word_1_253' title='bbox 463 2801 575 2867; x_wconf 81' lang='grc' dir='ltr'><em>αάτοῢ·</em></span> <span class='ocrx_word' id='word_1_254' title='bbox 615 2803 875 2890; x_wconf 77' lang='grc' dir='ltr'><em>προσποιούμενος</em></span> <span class='ocrx_word' id='word_1_255' title='bbox 903 2804 935 2869; x_wconf 83' lang='lat' dir='ltr'><em>d&#39;</em></span> <span class='ocrx_word' id='word_1_256' title='bbox 963 2804 1030 2882; x_wconf 78' lang='grc' dir='ltr'><em>υἱὸς</em></span> <span class='ocrx_word' id='word_1_257' title='bbox 1055 2803 1129 2870; x_wconf 79' lang='grc' dir='ltr'><em>εἶναι</em></span> <span class='ocrx_word' id='word_1_258' title='bbox 1155 2807 1327 2875; x_wconf 73' lang='grc' dir='ltr'><em>Διονυσίου</em></span> 
     </span>
     <span class='ocr_line' id='line_1_30' title="bbox 154 2878 1328 2977; baseline 0.003 -22"><span class='ocrx_word' id='word_1_259' title='bbox 154 2895 210 2955; x_wconf 85' lang='grc' dir='ltr'><em>τοῦ</em></span> <span class='ocrx_word' id='word_1_260' title='bbox 232 2890 703 2972; x_wconf 79' lang='grc' dir='ltr'><em>Χαλκοῦπροσαγορευθέντος,</em></span> <span class='ocrx_word' id='word_1_261' title='bbox 727 2880 763 2954; x_wconf 76' lang='grc' dir='ltr'><em>οὗ</em></span> <span class='ocrx_word' id='word_1_262' title='bbox 785 2892 835 2954; x_wconf 81' lang='grc' dir='ltr'><em>καί</em></span> <span class='ocrx_word' id='word_1_263' title='bbox 858 2885 1014 2974; x_wconf 79' lang='grc' dir='ltr'><em>ποιήματα</em></span> <span class='ocrx_word' id='word_1_264' title='bbox 1035 2889 1177 2970; x_wconf 84' lang='grc' dir='ltr'><em>σώζεται,</em></span> <span class='ocrx_word' id='word_1_265' title='bbox 1199 2895 1251 2956; x_wconf 72' lang='grc' dir='ltr'><em>καὶ</em></span> <span class='ocrx_word' id='word_1_266' title='bbox 1270 2878 1328 2977; x_wconf 56' lang='grc' dir='ltr'><em>τῆς</em></span> 
     </span>
     <span class='ocr_line' id='line_1_31' title="bbox 155 2970 1327 3059; baseline 0.004 -20"><span class='ocrx_word' id='word_1_267' title='bbox 155 2977 198 3050; x_wconf 81' lang='grc' dir='ltr'><em>εἰς</em></span> <span class='ocrx_word' id='word_1_268' title='bbox 214 2971 347 3037; x_wconf 86' lang='grc' dir='ltr'><em>Ἰταλίαν</em></span> <span class='ocrx_word' id='word_1_269' title='bbox 368 2971 509 3050; x_wconf 89' lang='grc' dir='ltr'><em>ἀποικίας</em></span> <span class='ocrx_word' id='word_1_270' title='bbox 530 2970 649 3056; x_wconf 70' lang='grc' dir='ltr'><em>ἡγεμὼν</em></span> <span class='ocrx_word' id='word_1_271' title='bbox 668 2973 826 3059; x_wconf 84' lang='grc' dir='ltr'><em>γενόμενος</em></span> <span class='ocrx_word' id='word_1_272' title='bbox 847 2973 942 3039; x_wconf 75' lang='grc' dir='ltr'><em>ίκτισε</em></span> <span class='ocrx_word' id='word_1_273' title='bbox 968 2976 1129 3059; x_wconf 88' lang='grc' dir='ltr'><em>Θουρίους.</em></span> <span class='ocrx_word' id='word_1_274' title='bbox 1150 2977 1225 3042; x_wconf 87' lang='lat' dir='ltr'>haec</span> <span class='ocrx_word' id='word_1_275' title='bbox 1246 2978 1327 3044; x_wconf 84' lang='lat' dir='ltr'>enim</span> 
     </span>
    </p>
   </div>
   <div class='ocr_carea' id='block_1_3' title="bbox 154 3058 1328 3211">
    <p class='ocr_par' dir='ltr' id='par_1_6' title="bbox 154 3058 1328 3211">
     <span class='ocr_line' id='line_1_32' title="bbox 154 3058 1328 3211; baseline 0.005 -88"><span class='ocrx_word' id='word_1_276' title='bbox 154 3065 304 3211; x_wconf 69' lang='lat' dir='ltr'>ppstrenna</span> <span class='ocrx_word' id='word_1_277' title='bbox 325 3080 378 3147; x_wconf 90' lang='lat' dir='ltr'>per</span> <span class='ocrx_word' id='word_1_278' title='bbox 397 3058 646 3207; x_wconf 62' lang='lat' dir='ltr'>negliyentiorem</span> <span class='ocrx_word' id='word_1_279' title='bbox 676 3061 820 3145; x_wconf 90' lang='lat' dir='ltr'>quandam</span> <span class='ocrx_word' id='word_1_280' title='bbox 842 3060 984 3125; x_wconf 88' lang='lat' dir='ltr'>orationis</span> <span class='ocrx_word' id='word_1_281' title='bbox 1006 3061 1268 3127; x_wconf 85' lang='lat' dir='ltr'>conformationem</span> <span class='ocrx_word' id='word_1_282' title='bbox 1287 3060 1328 3129; x_wconf 87' lang='lat' dir='ltr'>ad</span> 
     </span>
    </p>
   </div>
   <div class='ocr_carea' id='block_1_4' title="bbox 156 3142 1371 4422">
    <p class='ocr_par' dir='ltr' id='par_1_7' title="bbox 156 3142 1371 4422">
     <span class='ocr_line' id='line_1_33' title="bbox 187 3142 1328 3230; baseline 0.004 -21"><span class='ocrx_word' id='word_1_283' title='bbox 187 3145 352 3230; x_wconf 86' lang='lat' dir='ltr'>ionysuum,</span> <span class='ocrx_word' id='word_1_284' title='bbox 374 3164 434 3207; x_wconf 93' lang='lat' dir='ltr'><em>non</em></span> <span class='ocrx_word' id='word_1_285' title='bbox 456 3165 473 3206; x_wconf 93' lang='lat' dir='ltr'>a</span> <span class='ocrx_word' id='word_1_286' title='bbox 509 3142 673 3208; x_wconf 85' lang='lat' dir='ltr'>Hieronem</span> <span class='ocrx_word' id='word_1_287' title='bbox 694 3145 854 3209; x_wconf 80' lang='lat' dir='ltr'>reserenda</span> <span class='ocrx_word' id='word_1_288' title='bbox 875 3151 953 3209; x_wconf 85' lang='lat' dir='ltr'>sunt</span> <span class='ocrx_word' id='word_1_289' title='bbox 980 3146 1144 3211; x_wconf 87' lang='lat' dir='ltr'>Praeterea</span> <span class='ocrx_word' id='word_1_290' title='bbox 1164 3147 1196 3210; x_wconf 92' lang='lat' dir='ltr'><em>in</em></span> <span class='ocrx_word' id='word_1_291' title='bbox 1217 3146 1328 3213; x_wconf 87' lang='lat' dir='ltr'>Photiu</span> 
     </span>
     <span class='ocr_line' id='line_1_34' title="bbox 156 3227 1333 3318; baseline 0.003 -24"><span class='ocrx_word' id='word_1_292' title='bbox 156 3230 290 3316; x_wconf 79' lang='lat' dir='ltr'>corrigo:</span> <span class='ocrx_word' id='word_1_293' title='bbox 334 3227 363 3291; x_wconf 83' lang='lat' dir='ltr'><em>oi</em></span> <span class='ocrx_word' id='word_1_294' title='bbox 390 3228 424 3290; x_wconf 66' lang='lat' dir='ltr'><em>de*</em></span> <span class='ocrx_word' id='word_1_295' title='bbox 449 3229 622 3316; x_wconf 82' lang='grc' dir='ltr'><em>Καθαρείηι</em></span> <span class='ocrx_word' id='word_1_296' title='bbox 649 3229 698 3293; x_wconf 86' lang='lat' dir='ltr'><em>vel</em></span> <span class='ocrx_word' id='word_1_297' title='bbox 719 3230 807 3294; x_wconf 86' lang='lat' dir='ltr'>etiam</span> <span class='ocrx_word' id='word_1_298' title='bbox 828 3230 986 3316; x_wconf 82' lang='grc' dir='ltr'><em>Καθαρίῳ</em></span> <span class='ocrx_word' id='word_1_299' title='bbox 1006 3236 1051 3318; x_wconf 82' lang='grc' dir='ltr'><em>τῷ</em></span> <span class='ocrx_word' id='word_1_300' title='bbox 1072 3227 1220 3295; x_wconf 89' lang='grc' dir='ltr'><em>Λάκωνι·</em></span> <span class='ocrx_word' id='word_1_301' title='bbox 1243 3230 1333 3297; x_wconf 71' lang='lat' dir='ltr'>atat</span> 
     </span>
     <span class='ocr_line' id='line_1_35' title="bbox 158 3310 1328 3401; baseline 0.005 -25"><span class='ocrx_word' id='word_1_302' title='bbox 158 3313 367 3398; x_wconf 78' lang='grc' dir='ltr'><em>Τλησίππιρ</em></span> <span class='ocrx_word' id='word_1_303' title='bbox 393 3316 437 3399; x_wconf 78' lang='grc' dir='ltr'><em>τῷ</em></span> <span class='ocrx_word' id='word_1_304' title='bbox 459 3310 627 3399; x_wconf 80' lang='grc' dir='ltr'><em>Ἀθηναίῳ.</em></span> <span class='ocrx_word' id='word_1_305' title='bbox 668 3314 746 3378; x_wconf 91' lang='lat' dir='ltr'>Nam</span> <span class='ocrx_word' id='word_1_306' title='bbox 773 3314 1028 3380; x_wconf 90' lang='lat' dir='ltr'>Lacedaemonios</span> <span class='ocrx_word' id='word_1_307' title='bbox 1055 3337 1168 3401; x_wconf 91' lang='lat' dir='ltr'>quoque</span> <span class='ocrx_word' id='word_1_308' title='bbox 1195 3322 1226 3381; x_wconf 90' lang='lat' dir='ltr'><em>et</em></span> <span class='ocrx_word' id='word_1_309' title='bbox 1252 3315 1328 3383; x_wconf 77' lang='lat' dir='ltr'>alios</span> 
     </span>
     <span class='ocr_line' id='line_1_36' title="bbox 157 3390 1330 3469; baseline 0.005 -6"><span class='ocrx_word' id='word_1_310' title='bbox 157 3396 288 3463; x_wconf 84' lang='lat' dir='ltr'>Graecos</span> <span class='ocrx_word' id='word_1_311' title='bbox 315 3397 348 3460; x_wconf 90' lang='lat' dir='ltr'><em>in</em></span> <span class='ocrx_word' id='word_1_312' title='bbox 379 3397 546 3461; x_wconf 86' lang='lat' dir='ltr'>societatem</span> <span class='ocrx_word' id='word_1_313' title='bbox 571 3390 659 3462; x_wconf 89' lang='lat' dir='ltr'>huius</span> <span class='ocrx_word' id='word_1_314' title='bbox 686 3398 819 3463; x_wconf 87' lang='lat' dir='ltr'>coloniae</span> <span class='ocrx_word' id='word_1_315' title='bbox 845 3405 964 3464; x_wconf 86' lang='lat' dir='ltr'>vocatos</span> <span class='ocrx_word' id='word_1_316' title='bbox 985 3422 1053 3465; x_wconf 90' lang='lat' dir='ltr'>esse</span> <span class='ocrx_word' id='word_1_317' title='bbox 1074 3407 1200 3464; x_wconf 87' lang='lat' dir='ltr'>testatur</span> <span class='ocrx_word' id='word_1_318' title='bbox 1218 3400 1330 3469; x_wconf 63' lang='lat' dir='ltr'>Eusta-</span> 
     </span>
     <span class='ocr_line' id='line_1_37' title="bbox 156 3480 1371 3569; baseline 0.007 -21"><span class='ocrx_word' id='word_1_319' title='bbox 156 3482 235 3548; x_wconf 85' lang='lat' dir='ltr'>thius</span> <span class='ocrx_word' id='word_1_320' title='bbox 257 3481 295 3547; x_wconf 88' lang='lat' dir='ltr'>ad</span> <span class='ocrx_word' id='word_1_321' title='bbox 316 3480 444 3567; x_wconf 86' lang='lat' dir='ltr'>Dionys.</span> <span class='ocrx_word' id='word_1_322' title='bbox 465 3482 588 3569; x_wconf 82' lang='lat' dir='ltr'>Perieg.</span> <span class='ocrx_word' id='word_1_323' title='bbox 610 3505 638 3547; x_wconf 86' lang='lat' dir='ltr'><em>v.</em></span> <span class='ocrx_word' id='word_1_324' title='bbox 661 3485 738 3547; x_wconf 87' lang='lat'><strong>373:</strong></span> <span class='ocrx_word' id='word_1_325' title='bbox 774 3480 922 3569; x_wconf 75' lang='lat' dir='ltr'>‘&#39;Yotapoo</span> <span class='ocrx_word' id='word_1_326' title='bbox 947 3484 982 3549; x_wconf 72' lang='grc' dir='ltr'><em>δὲ</em></span> <span class='ocrx_word' id='word_1_327' title='bbox 1007 3491 1062 3568; x_wconf 80' lang='grc' dir='ltr'><em>τῆς</em></span> <span class='ocrx_word' id='word_1_328' title='bbox 1089 3482 1206 3561; x_wconf 86' lang='grc' dir='ltr'><em>πόλεως</em></span> <span class='ocrx_word' id='word_1_329' title='bbox 1230 3510 1330 3567; x_wconf 83' lang='grc' dir='ltr'><em>μετο-</em></span> <span class='ocrx_word' id='word_1_330' title='bbox 1368 3550 1371 3555; x_wconf 95' lang='grc'>.</span> 
     </span>
     <span class='ocr_line' id='line_1_38' title="bbox 156 3563 1368 3656; baseline 0.003 -25"><span class='ocrx_word' id='word_1_331' title='bbox 156 3568 296 3648; x_wconf 72' lang='grc' dir='ltr'><em>τεθείσης</em></span> <span class='ocrx_word' id='word_1_332' title='bbox 325 3567 376 3628; x_wconf 81' lang='grc' dir='ltr'><em>καὶ</em></span> <span class='ocrx_word' id='word_1_333' title='bbox 405 3569 650 3649; x_wconf 85' lang='grc' dir='ltr'><em>συνοικισθείσης</em></span> <span class='ocrx_word' id='word_1_334' title='bbox 684 3563 744 3631; x_wconf 75' lang='grc' dir='ltr'><em>ἀπὸ</em></span> <span class='ocrx_word' id='word_1_335' title='bbox 770 3566 944 3651; x_wconf 84' lang='grc' dir='ltr'><em>Ἀθηναίων</em></span> <span class='ocrx_word' id='word_1_336' title='bbox 972 3571 1022 3632; x_wconf 74' lang='grc' dir='ltr'><em>καὶ</em></span> <span class='ocrx_word' id='word_1_337' title='bbox 1049 3567 1151 3634; x_wconf 85' lang='grc' dir='ltr'><em>ἀλλων</em></span> <span class='ocrx_word' id='word_1_338' title='bbox 1174 3567 1330 3656; x_wconf 77' lang='grc' dir='ltr'><em>Ἑλλήνων</em></span> <span class='ocrx_word' id='word_1_339' title='bbox 1365 3582 1368 3587; x_wconf 85' lang='grc'><strong>“</strong></span> 
     </span>
     <span class='ocr_line' id='line_1_39' title="bbox 160 3647 1352 3737; baseline 0.006 -20"><span class='ocrx_word' id='word_1_340' title='bbox 160 3647 288 3735; x_wconf 90' lang='grc' dir='ltr'><em>Θοάριοι</em></span> <span class='ocrx_word' id='word_1_341' title='bbox 315 3647 612 3734; x_wconf 78' lang='grc' dir='ltr'><em>προσηγορεύθησαν</em></span> <span class='ocrx_word' id='word_1_342' title='bbox 639 3650 701 3715; x_wconf 83' lang='grc' dir='ltr'><em>ἀπὸ</em></span> <span class='ocrx_word' id='word_1_343' title='bbox 728 3649 840 3735; x_wconf 75' lang='grc' dir='ltr'><em>κρήνης</em></span> <span class='ocrx_word' id='word_1_344' title='bbox 867 3652 949 3728; x_wconf 83' lang='grc' dir='ltr'><em>τινὸς</em></span> <span class='ocrx_word' id='word_1_345' title='bbox 971 3650 1147 3735; x_wconf 82' lang='grc' dir='ltr'><em>ὃμωνιίμου.</em></span> <span class='ocrx_word' id='word_1_346' title='bbox 1175 3662 1204 3720; x_wconf 84' lang='lat' dir='ltr'><em>et</em></span> <span class='ocrx_word' id='word_1_347' title='bbox 1229 3656 1352 3737; x_wconf 47' lang='lat' dir='ltr'>infru,</span> 
     </span>
     <span class='ocr_line' id='line_1_40' title="bbox 165 3733 1336 3824; baseline 0.008 -24"><span class='ocrx_word' id='word_1_348' title='bbox 165 3736 288 3824; x_wconf 79' lang='grc' dir='ltr'><em>Υστίρρι</em></span> <span class='ocrx_word' id='word_1_349' title='bbox 319 3735 422 3816; x_wconf 77' lang='grc' dir='ltr'><em>μέντοι</em></span> <span class='ocrx_word' id='word_1_350' title='bbox 450 3733 551 3824; x_wconf 83' lang='grc' dir='ltr'><em>χρόνῳ</em></span> <span class='ocrx_word' id='word_1_351' title='bbox 573 3735 602 3800; x_wconf 72' lang='grc' dir='ltr'><em>οἱ</em></span> <span class='ocrx_word' id='word_1_352' title='bbox 616 3734 778 3819; x_wconf 75' lang='grc' dir='ltr'><em>Ἀθηναῖοι</em></span> <span class='ocrx_word' id='word_1_353' title='bbox 799 3739 850 3800; x_wconf 76' lang='grc' dir='ltr'><em>καὶ</em></span> <span class='ocrx_word' id='word_1_354' title='bbox 873 3737 903 3801; x_wconf 78' lang='grc' dir='ltr'><em>οἳ</em></span> <span class='ocrx_word' id='word_1_355' title='bbox 922 3735 1165 3818; x_wconf 74' lang='grc' dir='ltr'><em>Λακεδαιμόνιοι</em></span> <span class='ocrx_word' id='word_1_356' title='bbox 1185 3739 1336 3809; x_wconf 72' lang='grc' dir='ltr'><em>ἀποικίαν·</em></span> 
     </span>
     <span class='ocr_line' id='line_1_41' title="bbox 158 3818 1366 3910; baseline 0.006 -24"><span class='ocrx_word' id='word_1_357' title='bbox 158 3823 325 3896; x_wconf 86' lang='grc' dir='ltr'><em>στείλαντες</em></span> <span class='ocrx_word' id='word_1_358' title='bbox 350 3819 406 3902; x_wconf 79' lang='grc' dir='ltr'><em>τὴν</em></span> <span class='ocrx_word' id='word_1_359' title='bbox 438 3819 526 3884; x_wconf 88' lang='grc' dir='ltr'><em>πάλιν</em></span> <span class='ocrx_word' id='word_1_360' title='bbox 553 3818 725 3909; x_wconf 77' lang='grc' dir='ltr'><em>συνῴκισαν</em></span> <span class='ocrx_word' id='word_1_361' title='bbox 751 3823 802 3884; x_wconf 75' lang='grc' dir='ltr'><em>καὶ</em></span> <span class='ocrx_word' id='word_1_362' title='bbox 830 3818 968 3905; x_wconf 89' lang='grc' dir='ltr'><em>Θοάριον</em></span> <span class='ocrx_word' id='word_1_363' title='bbox 994 3820 1036 3897; x_wconf 82' lang='grc' dir='ltr'><em>ὡς</em></span> <span class='ocrx_word' id='word_1_364' title='bbox 1058 3823 1174 3910; x_wconf 73' lang='grc' dir='ltr'><em>εἴρηται</em></span> <span class='ocrx_word' id='word_1_365' title='bbox 1194 3824 1366 3905; x_wconf 78' lang='grc' dir='ltr'><em>μετοικά··-Ι</em></span> 
     </span>
     <span class='ocr_line' id='line_1_42' title="bbox 156 3901 1332 3992; baseline 0.007 -22"><span class='ocrx_word' id='word_1_366' title='bbox 156 3929 271 3989; x_wconf 86' lang='grc' dir='ltr'><em>μασυν.</em></span> <span class='ocrx_word' id='word_1_367' title='bbox 313 3906 378 3968; x_wconf 75' lang='grc' dir='ltr'><em>Καὶ</em></span> <span class='ocrx_word' id='word_1_368' title='bbox 406 3904 487 3969; x_wconf 79' lang='grc' dir='ltr'><em>ίστιν</em></span> <span class='ocrx_word' id='word_1_369' title='bbox 513 3901 533 3987; x_wconf 76' lang='grc' dir='ltr'>ἡ</span> <span class='ocrx_word' id='word_1_370' title='bbox 561 3907 603 3981; x_wconf 77' lang='grc' dir='ltr'><em>εἰς</em></span> <span class='ocrx_word' id='word_1_371' title='bbox 623 3905 658 3969; x_wconf 87' lang='grc' dir='ltr'><em>τὸ</em></span> <span class='ocrx_word' id='word_1_372' title='bbox 683 3903 817 3991; x_wconf 86' lang='grc' dir='ltr'><em>Θοάριον</em></span> <span class='ocrx_word' id='word_1_373' title='bbox 839 3904 963 3970; x_wconf 86' lang='grc' dir='ltr'><em>ἀποικία</em></span> <span class='ocrx_word' id='word_1_374' title='bbox 984 3908 1081 3992; x_wconf 84' lang='grc' dir='ltr'><em>πολλη</em></span> <span class='ocrx_word' id='word_1_375' title='bbox 1103 3908 1135 3973; x_wconf 78' lang='grc' dir='ltr'><em>ἓν</em></span> <span class='ocrx_word' id='word_1_376' title='bbox 1155 3919 1223 3987; x_wconf 76' lang='grc' dir='ltr'><em>ταῖς</em></span> <span class='ocrx_word' id='word_1_377' title='bbox 1243 3911 1332 3977; x_wconf 75' lang='grc' dir='ltr'><em>ἱστο-</em></span> 
     </span>
     <span class='ocr_line' id='line_1_43' title="bbox 157 3987 1332 4081; baseline 0.006 -27"><span class='ocrx_word' id='word_1_378' title='bbox 157 3993 238 4076; x_wconf 87' lang='grc' dir='ltr'><em>ρίαις</em></span> <span class='ocrx_word' id='word_1_379' title='bbox 258 3990 313 4054; x_wconf 89' lang='grc' dir='ltr'><em>καί</em></span> <span class='ocrx_word' id='word_1_380' title='bbox 330 4015 415 4066; x_wconf 88' lang='grc' dir='ltr'><em>τινας</em></span> <span class='ocrx_word' id='word_1_381' title='bbox 437 3989 678 4074; x_wconf 87' lang='grc' dir='ltr'><em>Θουριομάντεις</em></span> <span class='ocrx_word' id='word_1_382' title='bbox 698 3987 715 4054; x_wconf 84' lang='grc' dir='ltr'><em>ὃ</em></span> <span class='ocrx_word' id='word_1_383' title='bbox 736 3989 869 4072; x_wconf 82' lang='grc' dir='ltr'><em>κωμικὸς</em></span> <span class='ocrx_word' id='word_1_384' title='bbox 889 3991 981 4074; x_wconf 75' lang='grc' dir='ltr'><em>λέγει,</em></span> <span class='ocrx_word' id='word_1_385' title='bbox 1010 3989 1052 4068; x_wconf 80' lang='grc' dir='ltr'><em>ὡς</em></span> <span class='ocrx_word' id='word_1_386' title='bbox 1073 3995 1115 4069; x_wconf 77' lang='grc' dir='ltr'><em>εἰς</em></span> <span class='ocrx_word' id='word_1_387' title='bbox 1135 3993 1233 4079; x_wconf 77' lang='grc' dir='ltr'><em>αὐτὴν</em></span> <span class='ocrx_word' id='word_1_388' title='bbox 1254 3993 1332 4081; x_wconf 54' lang='grc' dir='ltr'><em>ὁδηη</em></span> 
     </span>
     <span class='ocr_line' id='line_1_44' title="bbox 156 4072 1331 4165; baseline 0.004 -24"><span class='ocrx_word' id='word_1_389' title='bbox 156 4072 319 4159; x_wconf 80' lang='grc' dir='ltr'><em>γάοαντας.</em></span> <span class='ocrx_word' id='word_1_390' title='bbox 347 4096 517 4161; x_wconf 87' lang='lat' dir='ltr'>quamquam</span> <span class='ocrx_word' id='word_1_391' title='bbox 538 4074 784 4157; x_wconf 80' lang='lat' dir='ltr'>Lacedaemonii,</span> <span class='ocrx_word' id='word_1_392' title='bbox 812 4076 861 4159; x_wconf 88' lang='lat' dir='ltr'><em>qui</em></span> <span class='ocrx_word' id='word_1_393' title='bbox 881 4077 1039 4165; x_wconf 89' lang='lat' dir='ltr'>participes</span> <span class='ocrx_word' id='word_1_394' title='bbox 1062 4086 1161 4161; x_wconf 86' lang='lat' dir='ltr'>erant,</span> <span class='ocrx_word' id='word_1_395' title='bbox 1194 4101 1255 4144; x_wconf 92' lang='lat' dir='ltr'><em>non</em></span> <span class='ocrx_word' id='word_1_396' title='bbox 1292 4074 1331 4148; x_wconf 59' lang='grc' dir='ltr'><em>ἰι-</em></span> 
     </span>
     <span class='ocr_line' id='line_1_45' title="bbox 157 4159 1332 4249; baseline 0.007 -24"><span class='ocrx_word' id='word_1_397' title='bbox 157 4161 235 4226; x_wconf 83' lang='lat' dir='ltr'>blica</span> <span class='ocrx_word' id='word_1_398' title='bbox 255 4161 443 4240; x_wconf 82' lang='lat' dir='ltr'>auctoritate,</span> <span class='ocrx_word' id='word_1_399' title='bbox 464 4159 518 4224; x_wconf 90' lang='lat' dir='ltr'><em>sed</em></span> <span class='ocrx_word' id='word_1_400' title='bbox 540 4180 631 4223; x_wconf 83' lang='lat' dir='ltr'>suas</span> <span class='ocrx_word' id='word_1_401' title='bbox 670 4167 720 4224; x_wconf 87' lang='lat' dir='ltr'><em>nte</em></span> <span class='ocrx_word' id='word_1_402' title='bbox 741 4160 773 4226; x_wconf 92' lang='lat' dir='ltr'><em>id</em></span> <span class='ocrx_word' id='word_1_403' title='bbox 793 4159 931 4225; x_wconf 88' lang='lat' dir='ltr'>videntur</span> <span class='ocrx_word' id='word_1_404' title='bbox 952 4162 1073 4244; x_wconf 88' lang='lat' dir='ltr'>secisse,</span> <span class='ocrx_word' id='word_1_405' title='bbox 1095 4164 1171 4249; x_wconf 89' lang='lat' dir='ltr'>quod</span> <span class='ocrx_word' id='word_1_406' title='bbox 1192 4186 1233 4229; x_wconf 85' lang='lat' dir='ltr'><em>ex</em></span> <span class='ocrx_word' id='word_1_407' title='bbox 1298 4186 1332 4233; x_wconf 86' lang='lat' dir='ltr'><em>o·.</em></span> 
     </span>
     <span class='ocr_line' id='line_1_46' title="bbox 158 4240 1358 4331; baseline 0.006 -21"><span class='ocrx_word' id='word_1_408' title='bbox 158 4247 230 4311; x_wconf 93' lang='lat' dir='ltr'>doro</span> <span class='ocrx_word' id='word_1_409' title='bbox 259 4244 363 4310; x_wconf 85' lang='lat' dir='ltr'>confici</span> <span class='ocrx_word' id='word_1_410' title='bbox 383 4244 462 4308; x_wconf 69' lang='lat' dir='ltr'>licet,</span> <span class='ocrx_word' id='word_1_411' title='bbox 504 4240 566 4307; x_wconf 86' lang='lat' dir='ltr'><em>Sed</em></span> <span class='ocrx_word' id='word_1_412' title='bbox 587 4265 634 4309; x_wconf 85' lang='lat' dir='ltr'>am</span> <span class='ocrx_word' id='word_1_413' title='bbox 654 4245 741 4331; x_wconf 85' lang='lat' dir='ltr'>iguut</span> <span class='ocrx_word' id='word_1_414' title='bbox 761 4244 798 4323; x_wconf 88' lang='lat' dir='ltr'><em>de</em></span> <span class='ocrx_word' id='word_1_415' title='bbox 815 4265 905 4327; x_wconf 88' lang='lat' dir='ltr'>anno,</span> <span class='ocrx_word' id='word_1_416' title='bbox 927 4266 983 4331; x_wconf 86' lang='lat' dir='ltr'><em>quo</em></span> <span class='ocrx_word' id='word_1_417' title='bbox 1005 4247 1121 4311; x_wconf 85' lang='lat' dir='ltr'>colonia</span> <span class='ocrx_word' id='word_1_418' title='bbox 1140 4246 1193 4312; x_wconf 90' lang='lat' dir='ltr'>illa</span> <span class='ocrx_word' id='word_1_419' title='bbox 1205 4249 1331 4317; x_wconf 83' lang='lat' dir='ltr'>deducta</span> <span class='ocrx_word' id='word_1_420' title='bbox 1343 4260 1358 4323; x_wconf 85' lang='grc'><em>“,</em></span> 
     </span>
     <span class='ocr_line' id='line_1_47' title="bbox 158 4327 1351 4422; baseline 0.006 -27"><span class='ocrx_word' id='word_1_421' title='bbox 158 4333 198 4395; x_wconf 91' lang='lat' dir='ltr'><em>sit</em></span> <span class='ocrx_word' id='word_1_422' title='bbox 217 4328 365 4417; x_wconf 81' lang='lat' dir='ltr'>Sybarin:</span> <span class='ocrx_word' id='word_1_423' title='bbox 408 4327 559 4395; x_wconf 88' lang='lat' dir='ltr'>Diodorus</span> <span class='ocrx_word' id='word_1_424' title='bbox 585 4327 702 4416; x_wconf 90' lang='lat' dir='ltr'>quidem</span> <span class='ocrx_word' id='word_1_425' title='bbox 727 4327 874 4399; x_wconf 85' lang='lat' dir='ltr'>x11.1o.</span> <span class='ocrx_word' id='word_1_426' title='bbox 901 4333 1060 4397; x_wconf 85' lang='lat' dir='ltr'>memoriae</span> <span class='ocrx_word' id='word_1_427' title='bbox 1092 4331 1191 4422; x_wconf 89' lang='lat' dir='ltr'>prodit</span> <span class='ocrx_word' id='word_1_428' title='bbox 1220 4333 1351 4402; x_wconf 81' lang='lat' dir='ltr'>facturn·</span> 
     </span>
    </p>
   </div>
   <div class='ocr_carea' id='block_1_5' title="bbox 0 0 1394 4792">
    <p class='ocr_par' dir='ltr' id='par_1_8' title="bbox 0 0 1394 4792">
     <span class='ocr_line' id='line_1_48' title="bbox 0 0 1394 4792; baseline 0 0"><span class='ocrx_word' id='word_1_429' title='bbox 0 0 1394 4792; x_wconf 95' lang='lat' dir='ltr'><em> </em></span> 
     </span>
    </p>
   </div>
  </div>
 </body>
</html>
