<?xml version="1.0" encoding="UTF-8"?>
<!DOCTYPE html PUBLIC "-//W3C//DTD XHTML 1.0 Transitional//EN"
    "http://www.w3.org/TR/xhtml1/DTD/xhtml1-transitional.dtd">
<html xmlns="http://www.w3.org/1999/xhtml" xml:lang="en" lang="en">
 <head>
  <title>
</title>
<meta http-equiv="Content-Type" content="text/html;charset=utf-8" />
  <meta name='ocr-system' content='tesseract 3.04.00' />
  <meta name='ocr-capabilities' content='ocr_page ocr_carea ocr_par ocr_line ocrx_word'/>
</head>
<body>
  <div class='ocr_page' id='page_1' title='image "./commentationumd00berggoog_0352.png"; bbox 0 0 2760 4792; ppageno 0'>
   <div class='ocr_carea' id='block_1_1' title="bbox 149 234 944 310">
    <p class='ocr_par' dir='ltr' id='par_1_1' title="bbox 149 234 944 310">
     <span class='ocr_line' id='line_1_1' title="bbox 149 234 944 310; baseline 0.004 -9"><span class='ocrx_word' id='word_1_1' title='bbox 149 238 214 310; x_wconf 83' lang='lat'>308</span> <span class='ocrx_word' id='word_1_2' title='bbox 537 234 944 307; x_wconf 72' lang='lat' dir='ltr'><strong>COMMENTATIONES</strong></span> 
     </span>
    </p>
   </div>
   <div class='ocr_carea' id='block_1_2' title="bbox 141 394 1319 2023">
    <p class='ocr_par' dir='ltr' id='par_1_2' title="bbox 228 394 1017 493">
     <span class='ocr_line' id='line_1_2' title="bbox 228 394 1017 493; baseline -0.004 -20"><span class='ocrx_word' id='word_1_3' title='bbox 228 402 365 485; x_wconf 76' lang='grc' dir='ltr'><strong><em>Ἐκεῖνός</em></strong></span> <span class='ocrx_word' id='word_1_4' title='bbox 382 401 643 493; x_wconf 70' lang='grc' dir='ltr'><strong><em>ἓστιστροχγάλος</em></strong></span> <span class='ocrx_word' id='word_1_5' title='bbox 662 404 719 489; x_wconf 78' lang='grc' dir='ltr'>τὴν</span> <span class='ocrx_word' id='word_1_6' title='bbox 739 401 823 486; x_wconf 70' lang='lat' dir='ltr'>ipro,</span> <span class='ocrx_word' id='word_1_7' title='bbox 846 394 871 469; x_wconf 82' lang='grc' dir='ltr'><em>ὦ</em></span> <span class='ocrx_word' id='word_1_8' title='bbox 892 405 1017 490; x_wconf 69' lang='grc' dir='ltr'><strong><em>πονηρέ,</em></strong></span> 
     </span>
    </p>

    <p class='ocr_par' dir='ltr' id='par_1_3' title="bbox 228 486 1146 579">
     <span class='ocr_line' id='line_1_3' title="bbox 228 486 1146 579; baseline -0.002 -20"><span class='ocrx_word' id='word_1_9' title='bbox 228 491 339 571; x_wconf 81' lang='grc' dir='ltr'><strong><em>Ἐντὸς</em></strong></span> <span class='ocrx_word' id='word_1_10' title='bbox 359 491 390 558; x_wconf 77' lang='lat' dir='ltr'>d’</span> <span class='ocrx_word' id='word_1_11' title='bbox 413 490 490 575; x_wconf 69' lang='grc' dir='ltr'><strong><em>ξ’χων</em></strong></span> <span class='ocrx_word' id='word_1_12' title='bbox 510 490 699 579; x_wconf 70' lang='grc' dir='ltr'><strong><em>περιέρχεται</em></strong></span> <span class='ocrx_word' id='word_1_13' title='bbox 718 486 819 578; x_wconf 82' lang='grc' dir='ltr'><strong><em>κάκλῳ</em></strong></span> <span class='ocrx_word' id='word_1_14' title='bbox 839 489 880 554; x_wconf 81' lang='grc' dir='ltr'>τὰ</span> <span class='ocrx_word' id='word_1_15' title='bbox 900 486 998 554; x_wconf 74' lang='grc' dir='ltr'><strong><em>πάνθ’</em></strong></span> <span class='ocrx_word' id='word_1_16' title='bbox 1023 487 1146 571; x_wconf 71' lang='grc' dir='ltr'><strong><em>ἑαυτοῦ,</em></strong></span> 
     </span>
    </p>

    <p class='ocr_par' dir='ltr' id='par_1_4' title="bbox 228 571 1105 662">
     <span class='ocr_line' id='line_1_4' title="bbox 228 571 1105 662; baseline -0.005 -18"><span class='ocrx_word' id='word_1_17' title='bbox 228 576 331 662; x_wconf 86' lang='grc' dir='ltr'>Ἦμᾶς</span> <span class='ocrx_word' id='word_1_18' title='bbox 352 575 386 642; x_wconf 70' lang='grc' dir='ltr'>δὲ</span> <span class='ocrx_word' id='word_1_19' title='bbox 405 579 511 657; x_wconf 80' lang='grc' dir='ltr'><strong><em>τίκτει,</em></strong></span> <span class='ocrx_word' id='word_1_20' title='bbox 532 575 715 662; x_wconf 69' lang='grc' dir='ltr'><strong><em>περιτρέχων</em></strong></span> <span class='ocrx_word' id='word_1_21' title='bbox 735 576 791 657; x_wconf 81' lang='grc' dir='ltr'>τὴν</span> <span class='ocrx_word' id='word_1_22' title='bbox 811 582 867 660; x_wconf 80' lang='grc' dir='ltr'>γῆν</span> <span class='ocrx_word' id='word_1_23' title='bbox 888 571 1105 653; x_wconf 77' lang='grc' dir='ltr'><strong><em>ἁπαξάπασαι.</em></strong></span> 
     </span>
    </p>

    <p class='ocr_par' dir='ltr' id='par_1_5' title="bbox 220 657 1147 747">
     <span class='ocr_line' id='line_1_5' title="bbox 220 657 1147 747; baseline -0.005 -18"><span class='ocrx_word' id='word_1_24' title='bbox 220 661 426 744; x_wconf 81' lang='grc' dir='ltr'><strong><em>’Ὀνομάζεται</em></strong></span> <span class='ocrx_word' id='word_1_25' title='bbox 447 659 481 727; x_wconf 80' lang='grc' dir='ltr'>δ’</span> <span class='ocrx_word' id='word_1_26' title='bbox 505 661 657 737; x_wconf 58' lang='lat' dir='ltr'>trauecta·</span> <span class='ocrx_word' id='word_1_27' title='bbox 688 658 731 724; x_wconf 79' lang='grc' dir='ltr'>ὢν</span> <span class='ocrx_word' id='word_1_28' title='bbox 752 660 786 724; x_wconf 74' lang='grc' dir='ltr'>δὲ</span> <span class='ocrx_word' id='word_1_29' title='bbox 807 657 985 747; x_wconf 76' lang='grc' dir='ltr'><strong><em>περιφερής,</em></strong></span> <span class='ocrx_word' id='word_1_30' title='bbox 1006 659 1147 743; x_wconf 80' lang='grc' dir='ltr'><strong><em>τελευτὴν</em></strong></span> 
     </span>
    </p>

    <p class='ocr_par' dir='ltr' id='par_1_6' title="bbox 236 744 1135 831">
     <span class='ocr_line' id='line_1_6' title="bbox 236 744 1135 831; baseline -0.004 -18"><span class='ocrx_word' id='word_1_31' title='bbox 236 748 393 831; x_wconf 70' lang='grc' dir='ltr'><strong><em>Οὐδεμίαν</em></strong></span> <span class='ocrx_word' id='word_1_32' title='bbox 414 745 484 812; x_wconf 76' lang='grc' dir='ltr'>οὔδ’</span> <span class='ocrx_word' id='word_1_33' title='bbox 509 745 606 831; x_wconf 78' lang='grc' dir='ltr'><strong><em>ἀρχὴν</em></strong></span> <span class='ocrx_word' id='word_1_34' title='bbox 627 744 704 828; x_wconf 64' lang='grc' dir='ltr'><strong><em>ἔχει·</em></strong></span> <span class='ocrx_word' id='word_1_35' title='bbox 726 749 845 810; x_wconf 83' lang='grc' dir='ltr'><strong><em>κυκλῶν</em></strong></span> <span class='ocrx_word' id='word_1_36' title='bbox 865 745 895 809; x_wconf 86' lang='lat' dir='ltr'>d&#39;</span> <span class='ocrx_word' id='word_1_37' title='bbox 921 745 966 810; x_wconf 80' lang='grc' dir='ltr'>ἀεὶ</span> <span class='ocrx_word' id='word_1_38' title='bbox 986 748 1023 811; x_wconf 83' lang='grc' dir='ltr'>τὸ</span> <span class='ocrx_word' id='word_1_39' title='bbox 1043 752 1135 828; x_wconf 84' lang='grc' dir='ltr'><strong><em>σῶμα</em></strong></span> 
     </span>
    </p>

    <p class='ocr_par' dir='ltr' id='par_1_7' title="bbox 141 826 1319 2023">
     <span class='ocr_line' id='line_1_7' title="bbox 236 826 993 917; baseline -0.007 -18"><span class='ocrx_word' id='word_1_40' title='bbox 236 832 283 899; x_wconf 79' lang='lat' dir='ltr'>Oui</span> <span class='ocrx_word' id='word_1_41' title='bbox 305 829 434 898; x_wconf 83' lang='grc' dir='ltr'><strong><em>παάεται</em></strong></span> <span class='ocrx_word' id='word_1_42' title='bbox 454 828 498 896; x_wconf 78' lang='grc' dir='ltr'>δι’</span> <span class='ocrx_word' id='word_1_43' title='bbox 521 830 639 917; x_wconf 73' lang='grc' dir='ltr'><strong><em>ἡμέρας</em></strong></span> <span class='ocrx_word' id='word_1_44' title='bbox 659 827 808 913; x_wconf 81' lang='grc' dir='ltr'><strong><em>ὅσημίραι</em></strong></span> <span class='ocrx_word' id='word_1_45' title='bbox 828 826 993 914; x_wconf 86' lang='grc' dir='ltr'><strong><em>τροχάζων.</em></strong></span> 
     </span>
     <span class='ocr_line' id='line_1_8' title="bbox 146 913 1318 1008; baseline -0.001 -24"><span class='ocrx_word' id='word_1_46' title='bbox 146 917 303 1008; x_wconf 83' lang='lat' dir='ltr'>legebatur</span> <span class='ocrx_word' id='word_1_47' title='bbox 328 919 407 983; x_wconf 90' lang='lat' dir='ltr'>enim</span> <span class='ocrx_word' id='word_1_48' title='bbox 433 914 543 994; x_wconf 73' lang='grc' dir='ltr'><strong><em>ἐκεῖνός</em></strong></span> <span class='ocrx_word' id='word_1_49' title='bbox 563 918 645 982; x_wconf 72' lang='grc' dir='ltr'><strong><em>ἔστιν</em></strong></span> <span class='ocrx_word' id='word_1_50' title='bbox 670 915 728 996; x_wconf 81' lang='grc' dir='ltr'>τὴν</span> <span class='ocrx_word' id='word_1_51' title='bbox 754 913 828 996; x_wconf 76' lang='lat' dir='ltr'>dapar</span> <span class='ocrx_word' id='word_1_52' title='bbox 854 914 1057 1000; x_wconf 75' lang='grc' dir='ltr'><strong><em>στρογγύλοςε</em></strong></span> <span class='ocrx_word' id='word_1_53' title='bbox 1099 914 1195 981; x_wconf 81' lang='lat' dir='ltr'>altero</span> <span class='ocrx_word' id='word_1_54' title='bbox 1222 920 1318 983; x_wconf 71' lang='lat' dir='ltr'>mon</span> 
     </span>
     <span class='ocr_line' id='line_1_9' title="bbox 148 998 1319 1089; baseline -0.003 -21"><span class='ocrx_word' id='word_1_55' title='bbox 148 1025 238 1068; x_wconf 83' lang='lat' dir='ltr'>versu</span> <span class='ocrx_word' id='word_1_56' title='bbox 257 1003 297 1068; x_wconf 82' lang='grc' dir='ltr'>τά</span> <span class='ocrx_word' id='word_1_57' title='bbox 318 1000 396 1089; x_wconf 74' lang='grc' dir='ltr'><strong><em>παρ’</em></strong></span> <span class='ocrx_word' id='word_1_58' title='bbox 420 999 532 1067; x_wconf 76' lang='grc' dir='ltr'><strong><em>ἑαυτοῦ</em></strong></span> <span class='ocrx_word' id='word_1_59' title='bbox 539 1048 550 1080; x_wconf 92' lang='grc'><strong><em>,</em></strong></span> <span class='ocrx_word' id='word_1_60' title='bbox 592 1000 669 1089; x_wconf 95' lang='lat' dir='ltr'>quod</span> <span class='ocrx_word' id='word_1_61' title='bbox 688 1000 858 1065; x_wconf 90' lang='lat' dir='ltr'>Heerenius</span> <span class='ocrx_word' id='word_1_62' title='bbox 880 1003 976 1065; x_wconf 90' lang='lat' dir='ltr'>minus</span> <span class='ocrx_word' id='word_1_63' title='bbox 1002 1007 1082 1067; x_wconf 84' lang='lat' dir='ltr'>recte</span> <span class='ocrx_word' id='word_1_64' title='bbox 1107 1001 1250 1083; x_wconf 69' lang='lat' dir='ltr'>tenmvit,</span> <span class='ocrx_word' id='word_1_65' title='bbox 1279 998 1319 1065; x_wconf 81' lang='lat' dir='ltr'>sd</span> 
     </span>
     <span class='ocr_line' id='line_1_10' title="bbox 148 1081 1318 1176; baseline -0.001 -23"><span class='ocrx_word' id='word_1_66' title='bbox 148 1090 217 1176; x_wconf 77' lang='grc' dir='ltr'><strong><em>περὶ</em></strong></span> <span class='ocrx_word' id='word_1_67' title='bbox 243 1086 342 1153; x_wconf 66' lang='lat' dir='ltr'>{cord</span> <span class='ocrx_word' id='word_1_68' title='bbox 369 1085 561 1174; x_wconf 78' lang='lat' dir='ltr'>corrigend03</span> <span class='ocrx_word' id='word_1_69' title='bbox 589 1086 648 1150; x_wconf 91' lang='lat' dir='ltr'>scri</span> <span class='ocrx_word' id='word_1_70' title='bbox 669 1085 696 1149; x_wconf 88' lang='lat' dir='ltr'>si</span> <span class='ocrx_word' id='word_1_71' title='bbox 716 1087 757 1147; x_wconf 82' lang='grc' dir='ltr'>τά</span> <span class='ocrx_word' id='word_1_72' title='bbox 777 1081 873 1147; x_wconf 70' lang='grc' dir='ltr'><strong><em>πάνθ’</em></strong></span> <span class='ocrx_word' id='word_1_73' title='bbox 898 1083 1025 1165; x_wconf 75' lang='grc' dir='ltr'><strong><em>ἑαυτοῦ,</em></strong></span> <span class='ocrx_word' id='word_1_74' title='bbox 1052 1084 1113 1149; x_wconf 93' lang='lat' dir='ltr'>nisi</span> <span class='ocrx_word' id='word_1_75' title='bbox 1132 1086 1212 1151; x_wconf 82' lang='lat' dir='ltr'>forto</span> <span class='ocrx_word' id='word_1_76' title='bbox 1232 1086 1318 1151; x_wconf 81' lang='lat' dir='ltr'>malis</span> 
     </span>
     <span class='ocr_line' id='line_1_11' title="bbox 147 1106 1318 1258; baseline 0.001 -20"><span class='ocrx_word' id='word_1_77' title='bbox 147 1173 188 1238; x_wconf 81' lang='grc' dir='ltr'>τὰ</span> <span class='ocrx_word' id='word_1_78' title='bbox 215 1169 306 1238; x_wconf 75' lang='grc' dir='ltr'><strong><em>πάντ’</em></strong></span> <span class='ocrx_word' id='word_1_79' title='bbox 323 1152 361 1237; x_wconf 63' lang='lat' dir='ltr'>‘dv</span> <span class='ocrx_word' id='word_1_80' title='bbox 387 1168 490 1257; x_wconf 77' lang='grc' dir='ltr'><strong><em>οῧτῷε</em></strong></span> <span class='ocrx_word' id='word_1_81' title='bbox 517 1169 619 1235; x_wconf 93' lang='lat' dir='ltr'>ultimo</span> <span class='ocrx_word' id='word_1_82' title='bbox 641 1106 766 1254; x_wconf 84' lang='lat' dir='ltr'>denique</span> <span class='ocrx_word' id='word_1_83' title='bbox 786 1190 876 1234; x_wconf 88' lang='lat' dir='ltr'>versu</span> <span class='ocrx_word' id='word_1_84' title='bbox 902 1171 995 1258; x_wconf 80' lang='lat' dir='ltr'>vulgo</span> <span class='ocrx_word' id='word_1_85' title='bbox 1016 1170 1128 1236; x_wconf 86' lang='lat' dir='ltr'>editur:</span> <span class='ocrx_word' id='word_1_86' title='bbox 1157 1167 1318 1238; x_wconf 80' lang='grc' dir='ltr'><strong><em>ποίσετσι.</em></strong></span> 
     </span>
     <span class='ocr_line' id='line_1_12' title="bbox 145 1253 1317 1354; baseline -0.003 -30"><span class='ocrx_word' id='word_1_87' title='bbox 145 1257 249 1328; x_wconf 81' lang='lat' dir='ltr'><strong>Voluit</strong></span> <span class='ocrx_word' id='word_1_88' title='bbox 273 1263 369 1322; x_wconf 88' lang='lat' dir='ltr'>autem</span> <span class='ocrx_word' id='word_1_89' title='bbox 394 1258 520 1320; x_wconf 89' lang='lat' dir='ltr'>comicus</span> <span class='ocrx_word' id='word_1_90' title='bbox 550 1254 791 1343; x_wconf 89' lang='lat' dir='ltr'>philosophorum</span> <span class='ocrx_word' id='word_1_91' title='bbox 817 1253 995 1344; x_wconf 87' lang='lat' dir='ltr'>doctrinam,</span> <span class='ocrx_word' id='word_1_92' title='bbox 1038 1255 1088 1354; x_wconf 89' lang='lat' dir='ltr'>qui</span> <span class='ocrx_word' id='word_1_93' title='bbox 1116 1262 1255 1321; x_wconf 85' lang='lat' dir='ltr'>accurate</span> <span class='ocrx_word' id='word_1_94' title='bbox 1281 1254 1317 1323; x_wconf 81' lang='lat' dir='ltr'>do</span> 
     </span>
     <span class='ocr_line' id='line_1_13' title="bbox 145 1340 1317 1431; baseline 0 -24"><span class='ocrx_word' id='word_1_95' title='bbox 145 1342 286 1431; x_wconf 89' lang='lat' dir='ltr'>temporis</span> <span class='ocrx_word' id='word_1_96' title='bbox 306 1342 337 1405; x_wconf 84' lang='lat' dir='ltr'>vi</span> <span class='ocrx_word' id='word_1_97' title='bbox 364 1348 395 1405; x_wconf 88' lang='lat' dir='ltr'>et</span> <span class='ocrx_word' id='word_1_98' title='bbox 419 1347 526 1405; x_wconf 88' lang='lat' dir='ltr'>natura</span> <span class='ocrx_word' id='word_1_99' title='bbox 553 1345 745 1424; x_wconf 79' lang='lat' dir='ltr'>quaererent,</span> <span class='ocrx_word' id='word_1_100' title='bbox 772 1345 893 1419; x_wconf 85' lang='lat' dir='ltr'>notare,</span> <span class='ocrx_word' id='word_1_101' title='bbox 923 1341 1021 1425; x_wconf 90' lang='lat' dir='ltr'>itaque</span> <span class='ocrx_word' id='word_1_102' title='bbox 1047 1340 1165 1405; x_wconf 81' lang='lat' dir='ltr'>1nduxit</span> <span class='ocrx_word' id='word_1_103' title='bbox 1190 1341 1317 1427; x_wconf 86' lang='lat' dir='ltr'>aliquem</span> 
     </span>
     <span class='ocr_line' id='line_1_14' title="bbox 145 1423 1317 1512; baseline -0.001 -22"><span class='ocrx_word' id='word_1_104' title='bbox 145 1447 207 1490; x_wconf 92' lang='lat' dir='ltr'>non</span> <span class='ocrx_word' id='word_1_105' title='bbox 231 1427 359 1491; x_wconf 80' lang='lat' dir='ltr'>infacete</span> <span class='ocrx_word' id='word_1_106' title='bbox 389 1424 425 1489; x_wconf 92' lang='lat' dir='ltr'>de</span> <span class='ocrx_word' id='word_1_107' title='bbox 454 1424 593 1512; x_wconf 90' lang='lat' dir='ltr'>temporis</span> <span class='ocrx_word' id='word_1_108' title='bbox 620 1425 743 1488; x_wconf 83' lang='lat' dir='ltr'>ratione</span> <span class='ocrx_word' id='word_1_109' title='bbox 763 1423 801 1488; x_wconf 91' lang='lat' dir='ltr'>ad</span> <span class='ocrx_word' id='word_1_110' title='bbox 821 1424 943 1488; x_wconf 89' lang='lat' dir='ltr'>istorum</span> <span class='ocrx_word' id='word_1_111' title='bbox 970 1425 1086 1489; x_wconf 92' lang='lat' dir='ltr'>modum</span> <span class='ocrx_word' id='word_1_112' title='bbox 1111 1424 1317 1491; x_wconf 76' lang='lat' dir='ltr'>‹lisserenteuu</span> 
     </span>
     <span class='ocr_line' id='line_1_15' title="bbox 146 1507 1316 1608; baseline -0.003 -32"><span class='ocrx_word' id='word_1_113' title='bbox 146 1511 267 1577; x_wconf 78' lang='lat' dir='ltr'><strong>Notavit</strong></span> <span class='ocrx_word' id='word_1_114' title='bbox 293 1516 389 1575; x_wconf 88' lang='lat' dir='ltr'>autem</span> <span class='ocrx_word' id='word_1_115' title='bbox 410 1508 591 1608; x_wconf 89' lang='lat' dir='ltr'>Hermippus</span> <span class='ocrx_word' id='word_1_116' title='bbox 617 1515 651 1573; x_wconf 93' lang='lat' dir='ltr'>ut</span> <span class='ocrx_word' id='word_1_117' title='bbox 676 1507 800 1573; x_wconf 90' lang='lat' dir='ltr'>coniicio</span> <span class='ocrx_word' id='word_1_118' title='bbox 827 1509 953 1572; x_wconf 86' lang='lat' dir='ltr'>maxime</span> <span class='ocrx_word' id='word_1_119' title='bbox 974 1508 1121 1574; x_wconf 75' lang='lat' dir='ltr'>Heracliti</span> <span class='ocrx_word' id='word_1_120' title='bbox 1141 1510 1316 1600; x_wconf 77' lang='lat' dir='ltr'>discipulos:</span> 
     </span>
     <span class='ocr_line' id='line_1_16' title="bbox 145 1592 1315 1684; baseline 0.002 -25"><span class='ocrx_word' id='word_1_121' title='bbox 145 1616 206 1660; x_wconf 89' lang='lat' dir='ltr'>non</span> <span class='ocrx_word' id='word_1_122' title='bbox 232 1616 341 1684; x_wconf 89' lang='lat' dir='ltr'>pancos</span> <span class='ocrx_word' id='word_1_123' title='bbox 367 1600 463 1659; x_wconf 91' lang='lat' dir='ltr'>autem</span> <span class='ocrx_word' id='word_1_124' title='bbox 489 1594 585 1658; x_wconf 80' lang='lat' dir='ltr'>fuisse</span> <span class='ocrx_word' id='word_1_125' title='bbox 604 1592 750 1674; x_wconf 79' lang='lat' dir='ltr'>Athenis,</span> <span class='ocrx_word' id='word_1_126' title='bbox 776 1593 826 1678; x_wconf 95' lang='lat' dir='ltr'>qui</span> <span class='ocrx_word' id='word_1_127' title='bbox 852 1593 939 1658; x_wconf 88' lang='lat' dir='ltr'>huius</span> <span class='ocrx_word' id='word_1_128' title='bbox 965 1593 1133 1683; x_wconf 90' lang='lat' dir='ltr'>philosophi</span> <span class='ocrx_word' id='word_1_129' title='bbox 1152 1595 1315 1661; x_wconf 78' lang='lat' dir='ltr'>doctrinam</span> 
     </span>
     <span class='ocr_line' id='line_1_17' title="bbox 144 1677 1313 1782; baseline 0 -37"><span class='ocrx_word' id='word_1_130' title='bbox 144 1688 354 1767; x_wconf 74' lang='lat' dir='ltr'>sequerentur,</span> <span class='ocrx_word' id='word_1_131' title='bbox 396 1685 518 1768; x_wconf 89' lang='lat' dir='ltr'>apparet</span> <span class='ocrx_word' id='word_1_132' title='bbox 557 1677 607 1743; x_wconf 86' lang='lat' dir='ltr'>vol</span> <span class='ocrx_word' id='word_1_133' title='bbox 649 1698 690 1742; x_wconf 85' lang='lat' dir='ltr'>ex</span> <span class='ocrx_word' id='word_1_134' title='bbox 730 1677 867 1743; x_wconf 87' lang='lat' dir='ltr'>Platonis</span> <span class='ocrx_word' id='word_1_135' title='bbox 908 1677 1075 1744; x_wconf 84' lang='lat' dir='ltr'>Theaeteto</span> <span class='ocrx_word' id='word_1_136' title='bbox 1116 1700 1146 1782; x_wconf 86' lang='lat' dir='ltr'>p.</span> <span class='ocrx_word' id='word_1_137' title='bbox 1180 1680 1245 1747; x_wconf 77' lang='lat' dir='ltr'>sto</span> <span class='ocrx_word' id='word_1_138' title='bbox 1279 1678 1313 1747; x_wconf 79' lang='lat' dir='ltr'>C.</span> 
     </span>
     <span class='ocr_line' id='line_1_18' title="bbox 142 1762 1313 1855; baseline 0 -24"><span class='ocrx_word' id='word_1_139' title='bbox 142 1764 314 1831; x_wconf 84' lang='lat' dir='ltr'>Heraclitus</span> <span class='ocrx_word' id='word_1_140' title='bbox 336 1771 432 1829; x_wconf 90' lang='lat' dir='ltr'>antem</span> <span class='ocrx_word' id='word_1_141' title='bbox 457 1762 568 1853; x_wconf 88' lang='lat' dir='ltr'>primus</span> <span class='ocrx_word' id='word_1_142' title='bbox 595 1762 668 1845; x_wconf 89' lang='lat' dir='ltr'>fuit,</span> <span class='ocrx_word' id='word_1_143' title='bbox 695 1762 745 1848; x_wconf 94' lang='lat' dir='ltr'>qui</span> <span class='ocrx_word' id='word_1_144' title='bbox 772 1768 875 1827; x_wconf 89' lang='lat' dir='ltr'>mente&#39;</span> <span class='ocrx_word' id='word_1_145' title='bbox 895 1769 926 1827; x_wconf 90' lang='lat' dir='ltr'>et</span> <span class='ocrx_word' id='word_1_146' title='bbox 950 1763 1149 1851; x_wconf 74' lang='lat' dir='ltr'>intelligentia</span> <span class='ocrx_word' id='word_1_147' title='bbox 1173 1764 1313 1855; x_wconf 82' lang='lat' dir='ltr'>temporis</span> 
     </span>
     <span class='ocr_line' id='line_1_19' title="bbox 142 1847 1314 1937; baseline 0.001 -23"><span class='ocrx_word' id='word_1_148' title='bbox 142 1862 277 1915; x_wconf 89' lang='lat' dir='ltr'>naturam</span> <span class='ocrx_word' id='word_1_149' title='bbox 298 1848 574 1937; x_wconf 82' lang='lat' dir='ltr'>comprehenderet,</span> <span class='ocrx_word' id='word_1_150' title='bbox 604 1847 634 1912; x_wconf 94' lang='lat' dir='ltr'>id</span> <span class='ocrx_word' id='word_1_151' title='bbox 654 1869 691 1912; x_wconf 91' lang='lat' dir='ltr'>ue</span> <span class='ocrx_word' id='word_1_152' title='bbox 712 1847 845 1933; x_wconf 85' lang='lat' dir='ltr'>quamvis</span> <span class='ocrx_word' id='word_1_153' title='bbox 865 1868 926 1911; x_wconf 92' lang='lat' dir='ltr'>non</span> <span class='ocrx_word' id='word_1_154' title='bbox 952 1849 1025 1913; x_wconf 90' lang='lat' dir='ltr'>satis</span> <span class='ocrx_word' id='word_1_155' title='bbox 1047 1855 1114 1937; x_wconf 87' lang='lat' dir='ltr'>apto</span> <span class='ocrx_word' id='word_1_156' title='bbox 1134 1870 1208 1915; x_wconf 91' lang='lat' dir='ltr'>usus</span> <span class='ocrx_word' id='word_1_157' title='bbox 1229 1870 1314 1915; x_wconf 83' lang='lat' dir='ltr'>vocs·</span> 
     </span>
     <span class='ocr_line' id='line_1_20' title="bbox 141 1869 1312 2023; baseline 0.002 -24"><span class='ocrx_word' id='word_1_158' title='bbox 141 1935 211 2002; x_wconf 84' lang='lat' dir='ltr'>holo</span> <span class='ocrx_word' id='word_1_159' title='bbox 232 1955 374 2023; x_wconf 85' lang='lat' dir='ltr'>corpnsa</span> <span class='ocrx_word' id='word_1_160' title='bbox 413 1933 530 2015; x_wconf 87' lang='lat' dir='ltr'>ellavit,</span> <span class='ocrx_word' id='word_1_161' title='bbox 550 1932 610 1996; x_wconf 88' lang='lat' dir='ltr'>vid.</span> <span class='ocrx_word' id='word_1_162' title='bbox 627 1869 738 1997; x_wconf 53' lang='lat' dir='ltr'>geraus</span> <span class='ocrx_word' id='word_1_163' title='bbox 759 1931 926 2020; x_wconf 82' lang='lat' dir='ltr'>Empiricos</span> <span class='ocrx_word' id='word_1_164' title='bbox 948 1932 1014 1998; x_wconf 88' lang='lat' dir='ltr'>adv.</span> <span class='ocrx_word' id='word_1_165' title='bbox 1026 1931 1167 1999; x_wconf 87' lang='lat' dir='ltr'>Mathem.</span> <span class='ocrx_word' id='word_1_166' title='bbox 1188 1933 1312 2001; x_wconf 66' lang='lat' dir='ltr'>Mil.</span> 
     </span>
    </p>
   </div>
   <div class='ocr_carea' id='block_1_3' title="bbox 141 2003 1313 2276">
    <p class='ocr_par' dir='ltr' id='par_1_8' title="bbox 141 2003 1313 2276">
     <span class='ocr_line' id='line_1_21' title="bbox 141 2003 1313 2127; baseline 0 -42"><span class='ocrx_word' id='word_1_167' title='bbox 141 2018 189 2085; x_wconf 91' lang='lat' dir='ltr'>lta</span> <span class='ocrx_word' id='word_1_168' title='bbox 207 2041 245 2085; x_wconf 94' lang='lat' dir='ltr'>ue</span> <span class='ocrx_word' id='word_1_169' title='bbox 270 2020 358 2084; x_wconf 90' lang='lat' dir='ltr'>etiam</span> <span class='ocrx_word' id='word_1_170' title='bbox 412 2017 484 2081; x_wconf 90' lang='lat' dir='ltr'>ermi</span> <span class='ocrx_word' id='word_1_171' title='bbox 506 2038 574 2104; x_wconf 90' lang='lat' dir='ltr'>pus,</span> <span class='ocrx_word' id='word_1_172' title='bbox 606 2017 655 2100; x_wconf 93' lang='lat' dir='ltr'>qui</span> <span class='ocrx_word' id='word_1_173' title='bbox 681 2016 759 2080; x_wconf 88' lang='lat' dir='ltr'>hanc</span> <span class='ocrx_word' id='word_1_174' title='bbox 784 2016 945 2115; x_wconf 74' lang='lat' dir='ltr'>doctrinam</span> <span class='ocrx_word' id='word_1_175' title='bbox 967 2003 1053 2127; x_wconf 55' lang='lat' dir='ltr'>vulpi</span> <span class='ocrx_word' id='word_1_176' title='bbox 1077 2021 1174 2108; x_wconf 88' lang='lat' dir='ltr'>captui</span> <span class='ocrx_word' id='word_1_177' title='bbox 1201 2040 1313 2085; x_wconf 84' lang='lat' dir='ltr'>accom-</span> 
     </span>
     <span class='ocr_line' id='line_1_22' title="bbox 141 2040 1313 2189; baseline -0.002 -19"><span class='ocrx_word' id='word_1_178' title='bbox 141 2041 287 2185; x_wconf 79' lang='lat' dir='ltr'>modavit,</span> <span class='ocrx_word' id='word_1_179' title='bbox 328 2105 448 2166; x_wconf 79' lang='grc' dir='ltr'><strong><em>κυκλῶν</em></strong></span> <span class='ocrx_word' id='word_1_180' title='bbox 475 2040 506 2164; x_wconf 62' lang='lat' dir='ltr'>dl</span> <span class='ocrx_word' id='word_1_181' title='bbox 530 2100 632 2165; x_wconf 79' lang='grc' dir='ltr'><strong><em>ἀεὶτὸ</em></strong></span> <span class='ocrx_word' id='word_1_182' title='bbox 654 2105 761 2181; x_wconf 85' lang='grc' dir='ltr'><strong><em>σῶμα,</em></strong></span> <span class='ocrx_word' id='word_1_183' title='bbox 791 2100 882 2183; x_wconf 81' lang='lat' dir='ltr'>duxlt,</span> <span class='ocrx_word' id='word_1_184' title='bbox 909 2100 945 2164; x_wconf 78' lang='lat' dir='ltr'>od</span> <span class='ocrx_word' id='word_1_185' title='bbox 974 2127 1102 2167; x_wconf 86' lang='grc' dir='ltr'><strong><em>παοεται</em></strong></span> <span class='ocrx_word' id='word_1_186' title='bbox 1128 2101 1172 2167; x_wconf 79' lang='grc' dir='ltr'>δι’</span> <span class='ocrx_word' id='word_1_187' title='bbox 1195 2100 1313 2189; x_wconf 66' lang='grc' dir='ltr'><strong><em>άμίρσς</em></strong></span> 
     </span>
     <span class='ocr_line' id='line_1_23' title="bbox 142 2183 1312 2276; baseline 0.003 -24"><span class='ocrx_word' id='word_1_188' title='bbox 142 2186 293 2271; x_wconf 68' lang='grc' dir='ltr'><strong><em>ὁσημέραι</em></strong></span> <span class='ocrx_word' id='word_1_189' title='bbox 318 2183 484 2270; x_wconf 79' lang='grc' dir='ltr'><strong><em>τροχάζων.</em></strong></span> <span class='ocrx_word' id='word_1_190' title='bbox 527 2183 690 2270; x_wconf 85' lang='lat' dir='ltr'>Scythinus</span> <span class='ocrx_word' id='word_1_191' title='bbox 726 2192 838 2266; x_wconf 88' lang='lat' dir='ltr'>antem,</span> <span class='ocrx_word' id='word_1_192' title='bbox 871 2186 920 2270; x_wconf 92' lang='lat' dir='ltr'>qui</span> <span class='ocrx_word' id='word_1_193' title='bbox 946 2194 976 2250; x_wconf 91' lang='lat' dir='ltr'>et</span> <span class='ocrx_word' id='word_1_194' title='bbox 1005 2188 1070 2276; x_wconf 91' lang='lat' dir='ltr'>ipse</span> <span class='ocrx_word' id='word_1_195' title='bbox 1100 2188 1138 2255; x_wconf 86' lang='lat' dir='ltr'>ad</span> <span class='ocrx_word' id='word_1_196' title='bbox 1166 2188 1312 2255; x_wconf 85' lang='lat' dir='ltr'>Heracliti</span> 
     </span>
    </p>
   </div>
   <div class='ocr_carea' id='block_1_4' title="bbox 140 2268 1258 2425">
    <p class='ocr_par' dir='ltr' id='par_1_9' title="bbox 140 2268 1258 2425">
     <span class='ocr_line' id='line_1_24' title="bbox 140 2268 1258 2425; baseline 0.002 -89"><span class='ocrx_word' id='word_1_197' title='bbox 140 2272 249 2373; x_wconf 86' lang='lat' dir='ltr'>placita</span> <span class='ocrx_word' id='word_1_198' title='bbox 269 2292 303 2336; x_wconf 90' lang='lat' dir='ltr'>se</span> <span class='ocrx_word' id='word_1_199' title='bbox 324 2270 473 2418; x_wconf 70' lang='lat' dir='ltr'>applicuit,</span> <span class='ocrx_word' id='word_1_200' title='bbox 492 2290 615 2357; x_wconf 85' lang='lat' dir='ltr'>prorsus</span> <span class='ocrx_word' id='word_1_201' title='bbox 636 2270 679 2332; x_wconf 86' lang='lat' dir='ltr'>ita</span> <span class='ocrx_word' id='word_1_202' title='bbox 700 2268 737 2333; x_wconf 88' lang='lat' dir='ltr'>de</span> <span class='ocrx_word' id='word_1_203' title='bbox 758 2277 888 2369; x_wconf 74' lang='lat' dir='ltr'>tempore</span> <span class='ocrx_word' id='word_1_204' title='bbox 909 2271 1046 2419; x_wconf 57' lang='lat' dir='ltr'>loquitur,</span> <span class='ocrx_word' id='word_1_205' title='bbox 1067 2273 1110 2336; x_wconf 93' lang='lat' dir='ltr'>uti</span> <span class='ocrx_word' id='word_1_206' title='bbox 1130 2272 1258 2425; x_wconf 69' lang='lat' dir='ltr'>Hormpp</span> 
     </span>
    </p>
   </div>
   <div class='ocr_carea' id='block_1_5' title="bbox 134 2294 1312 3716">
    <p class='ocr_par' dir='ltr' id='par_1_10' title="bbox 137 2294 1312 3035">
     <span class='ocr_line' id='line_1_25' title="bbox 1277 2294 1312 2339; baseline 0 0"><span class='ocrx_word' id='word_1_207' title='bbox 1277 2294 1312 2339; x_wconf 87' lang='lat' dir='ltr'>us</span> 
     </span>
     <span class='ocr_line' id='line_1_26' title="bbox 140 2294 1310 2445; baseline 0.003 -25"><span class='ocrx_word' id='word_1_208' title='bbox 140 2355 259 2421; x_wconf 90' lang='lat' dir='ltr'>millis</span> <span class='ocrx_word' id='word_1_209' title='bbox 285 2357 366 2419; x_wconf 87' lang='lat' dir='ltr'>versi</span> <span class='ocrx_word' id='word_1_210' title='bbox 387 2375 438 2418; x_wconf 68' lang='lat' dir='ltr'>uss</span> <span class='ocrx_word' id='word_1_211' title='bbox 479 2353 556 2442; x_wconf 92' lang='lat' dir='ltr'>apud</span> <span class='ocrx_word' id='word_1_212' title='bbox 584 2352 743 2418; x_wconf 84' lang='lat' dir='ltr'>Stohaeum</span> <span class='ocrx_word' id='word_1_213' title='bbox 769 2376 848 2419; x_wconf 82' lang='lat' dir='ltr'>enim</span> <span class='ocrx_word' id='word_1_214' title='bbox 874 2377 907 2418; x_wconf 89' lang='lat' dir='ltr'>m</span> <span class='ocrx_word' id='word_1_215' title='bbox 962 2357 1039 2445; x_wconf 83' lang='lat' dir='ltr'>cleg.</span> <span class='ocrx_word' id='word_1_216' title='bbox 1059 2356 1202 2444; x_wconf 85' lang='lat' dir='ltr'>Physicis</span> <span class='ocrx_word' id='word_1_217' title='bbox 1258 2294 1310 2427; x_wconf 71' lang='lat' dir='ltr'>ll.</span> 
     </span>
     <span class='ocr_line' id='line_1_27' title="bbox 139 2437 1311 2546; baseline 0.002 -41"><span class='ocrx_word' id='word_1_218' title='bbox 139 2462 170 2546; x_wconf 82' lang='lat' dir='ltr'>p.</span> <span class='ocrx_word' id='word_1_219' title='bbox 189 2440 255 2506; x_wconf 77' lang='lat'>264</span> <span class='ocrx_word' id='word_1_220' title='bbox 284 2440 359 2504; x_wconf 92' lang='lat' dir='ltr'>haec</span> <span class='ocrx_word' id='word_1_221' title='bbox 384 2461 425 2504; x_wconf 86' lang='lat' dir='ltr'>ex</span> <span class='ocrx_word' id='word_1_222' title='bbox 450 2437 590 2526; x_wconf 81' lang='lat' dir='ltr'>Scythini</span> <span class='ocrx_word' id='word_1_223' title='bbox 619 2438 751 2527; x_wconf 79' lang='lat' dir='ltr'>physicis</span> <span class='ocrx_word' id='word_1_224' title='bbox 779 2438 926 2528; x_wconf 90' lang='lat' dir='ltr'>adscripta</span> <span class='ocrx_word' id='word_1_225' title='bbox 953 2450 1036 2506; x_wconf 90' lang='lat' dir='ltr'>sunt:</span> <span class='ocrx_word' id='word_1_226' title='bbox 1077 2440 1203 2527; x_wconf 81' lang='grc' dir='ltr'><strong><em>Χρόνος</em></strong></span> <span class='ocrx_word' id='word_1_227' title='bbox 1230 2446 1311 2509; x_wconf 70' lang='grc' dir='ltr'><strong><em>ἐστίν</em></strong></span> 
     </span>
     <span class='ocr_line' id='line_1_28' title="bbox 140 2520 1310 2612; baseline 0.003 -22"><span class='ocrx_word' id='word_1_228' title='bbox 140 2546 275 2590; x_wconf 82' lang='grc' dir='ltr'><strong><em>νστατον</em></strong></span> <span class='ocrx_word' id='word_1_229' title='bbox 293 2526 344 2588; x_wconf 80' lang='grc' dir='ltr'>καὶ</span> <span class='ocrx_word' id='word_1_230' title='bbox 365 2527 488 2608; x_wconf 79' lang='grc' dir='ltr'><strong><em>πρῶτον</em></strong></span> <span class='ocrx_word' id='word_1_231' title='bbox 502 2520 625 2588; x_wconf 92' lang='grc' dir='ltr'><strong><em>πάντων</em></strong></span> <span class='ocrx_word' id='word_1_232' title='bbox 644 2525 695 2587; x_wconf 78' lang='grc' dir='ltr'>καὶ</span> <span class='ocrx_word' id='word_1_233' title='bbox 716 2521 775 2604; x_wconf 75' lang='grc' dir='ltr'><strong><em>ίχει</em></strong></span> <span class='ocrx_word' id='word_1_234' title='bbox 797 2523 829 2587; x_wconf 77' lang='grc' dir='ltr'>ἓν</span> <span class='ocrx_word' id='word_1_235' title='bbox 850 2522 950 2612; x_wconf 74' lang='grc' dir='ltr'><strong><em>ἑαυτῷ</em></strong></span> <span class='ocrx_word' id='word_1_236' title='bbox 971 2522 1071 2591; x_wconf 86' lang='grc' dir='ltr'><strong><em>πάντα</em></strong></span> <span class='ocrx_word' id='word_1_237' title='bbox 1092 2531 1143 2591; x_wconf 77' lang='grc' dir='ltr'>καί</span> <span class='ocrx_word' id='word_1_238' title='bbox 1165 2526 1249 2593; x_wconf 70' lang='grc' dir='ltr'><strong><em>ἔστιν</em></strong></span> <span class='ocrx_word' id='word_1_239' title='bbox 1269 2522 1310 2605; x_wconf 79' lang='grc' dir='ltr'>εἷς</span> 
     </span>
     <span class='ocr_line' id='line_1_29' title="bbox 141 2607 1310 2705; baseline 0.003 -32"><span class='ocrx_word' id='word_1_240' title='bbox 141 2607 198 2674; x_wconf 80' lang='grc' dir='ltr'><strong><em>ἀεί.</em></strong></span> <span class='ocrx_word' id='word_1_241' title='bbox 225 2631 298 2696; x_wconf 91' lang='lat' dir='ltr'>quae</span> <span class='ocrx_word' id='word_1_242' title='bbox 319 2608 435 2695; x_wconf 92' lang='lat' dir='ltr'>quidem</span> <span class='ocrx_word' id='word_1_243' title='bbox 461 2609 535 2673; x_wconf 88' lang='lat' dir='ltr'>satis</span> <span class='ocrx_word' id='word_1_244' title='bbox 561 2630 655 2672; x_wconf 86' lang='lat' dir='ltr'>meam</span> <span class='ocrx_word' id='word_1_245' title='bbox 682 2609 894 2691; x_wconf 90' lang='lat' dir='ltr'>coniecturam,</span> <span class='ocrx_word' id='word_1_246' title='bbox 937 2630 1023 2694; x_wconf 89' lang='lat' dir='ltr'>quam</span> <span class='ocrx_word' id='word_1_247' title='bbox 1050 2633 1141 2701; x_wconf 88' lang='lat' dir='ltr'>snpra</span> <span class='ocrx_word' id='word_1_248' title='bbox 1159 2614 1310 2705; x_wconf 87' lang='lat' dir='ltr'>proposui,</span> 
     </span>
     <span class='ocr_line' id='line_1_30' title="bbox 138 2691 1310 2788; baseline 0.004 -28"><span class='ocrx_word' id='word_1_249' title='bbox 138 2694 267 2760; x_wconf 89' lang='lat' dir='ltr'>firmant.</span> <span class='ocrx_word' id='word_1_250' title='bbox 307 2692 407 2779; x_wconf 86' lang='lat' dir='ltr'>Atque</span> <span class='ocrx_word' id='word_1_251' title='bbox 428 2692 564 2758; x_wconf 86' lang='lat' dir='ltr'>simililer</span> <span class='ocrx_word' id='word_1_252' title='bbox 584 2691 761 2780; x_wconf 81' lang='lat' dir='ltr'>Euripides,</span> <span class='ocrx_word' id='word_1_253' title='bbox 791 2694 840 2778; x_wconf 92' lang='lat' dir='ltr'>qui</span> <span class='ocrx_word' id='word_1_254' title='bbox 869 2701 900 2757; x_wconf 92' lang='lat' dir='ltr'>ut</span> <span class='ocrx_word' id='word_1_255' title='bbox 920 2696 1048 2761; x_wconf 92' lang='lat' dir='ltr'>omnium</span> <span class='ocrx_word' id='word_1_256' title='bbox 1074 2698 1194 2763; x_wconf 92' lang='lat' dir='ltr'>omnino</span> <span class='ocrx_word' id='word_1_257' title='bbox 1213 2699 1310 2788; x_wconf 87' lang='lat' dir='ltr'>philo·</span> 
     </span>
     <span class='ocr_line' id='line_1_31' title="bbox 138 2776 1311 2926; baseline 0.003 -81"><span class='ocrx_word' id='word_1_258' title='bbox 138 2779 297 2868; x_wconf 91' lang='lat' dir='ltr'>sophorum</span> <span class='ocrx_word' id='word_1_259' title='bbox 327 2777 435 2867; x_wconf 90' lang='lat' dir='ltr'>placita</span> <span class='ocrx_word' id='word_1_260' title='bbox 462 2776 594 2842; x_wconf 85' lang='lat' dir='ltr'>studiose</span> <span class='ocrx_word' id='word_1_261' title='bbox 613 2778 840 2926; x_wconf 80' lang='lat' dir='ltr'>pervestigavit</span> <span class='ocrx_word' id='word_1_262' title='bbox 870 2786 956 2864; x_wconf 92' lang='lat' dir='ltr'>atque</span> <span class='ocrx_word' id='word_1_263' title='bbox 990 2781 1023 2843; x_wconf 94' lang='lat' dir='ltr'>in</span> <span class='ocrx_word' id='word_1_264' title='bbox 1049 2802 1134 2847; x_wconf 86' lang='lat' dir='ltr'>suum</span> <span class='ocrx_word' id='word_1_265' title='bbox 1165 2784 1311 2849; x_wconf 85' lang='lat' dir='ltr'>convertit</span> 
     </span>
     <span class='ocr_line' id='line_1_32' title="bbox 137 2860 1310 2958; baseline 0.003 -28"><span class='ocrx_word' id='word_1_266' title='bbox 137 2884 239 2948; x_wconf 91' lang='lat' dir='ltr'>usum,</span> <span class='ocrx_word' id='word_1_267' title='bbox 267 2862 309 2926; x_wconf 89' lang='lat' dir='ltr'>ita</span> <span class='ocrx_word' id='word_1_268' title='bbox 330 2863 419 2926; x_wconf 89' lang='lat' dir='ltr'>etiam</span> <span class='ocrx_word' id='word_1_269' title='bbox 439 2860 587 2926; x_wconf 90' lang='lat' dir='ltr'>Heracliti</span> <span class='ocrx_word' id='word_1_270' title='bbox 634 2861 776 2926; x_wconf 84' lang='lat' dir='ltr'>ostrinam</span> <span class='ocrx_word' id='word_1_271' title='bbox 796 2865 928 2946; x_wconf 89' lang='lat' dir='ltr'>quamvis</span> <span class='ocrx_word' id='word_1_272' title='bbox 955 2865 1108 2931; x_wconf 88' lang='lat' dir='ltr'>obscuram</span> <span class='ocrx_word' id='word_1_273' title='bbox 1130 2868 1170 2933; x_wconf 93' lang='lat' dir='ltr'>ad</span> <span class='ocrx_word' id='word_1_274' title='bbox 1190 2875 1310 2958; x_wconf 78' lang='lat' dir='ltr'>tragoe-</span> 
     </span>
     <span class='ocr_line' id='line_1_33' title="bbox 137 2945 1117 3035; baseline -0.001 -20"><span class='ocrx_word' id='word_1_275' title='bbox 137 2949 216 3015; x_wconf 86' lang='lat' dir='ltr'>diam</span> <span class='ocrx_word' id='word_1_276' title='bbox 236 2946 402 3030; x_wconf 89' lang='lat' dir='ltr'>transtulit,</span> <span class='ocrx_word' id='word_1_277' title='bbox 423 2967 532 3010; x_wconf 92' lang='lat' dir='ltr'>annum</span> <span class='ocrx_word' id='word_1_278' title='bbox 555 2945 719 3031; x_wconf 76' lang='grc' dir='ltr'><strong><em>(ἐνιαυτὸν)</em></strong></span> <span class='ocrx_word' id='word_1_279' title='bbox 741 2946 818 3010; x_wconf 83' lang='lat' dir='ltr'>dixit</span> <span class='ocrx_word' id='word_1_280' title='bbox 838 2947 1012 3035; x_wconf 87' lang='lat' dir='ltr'>appellatum</span> <span class='ocrx_word' id='word_1_281' title='bbox 1035 2972 1117 3016; x_wconf 88' lang='lat' dir='ltr'>esse:</span> 
     </span>
    </p>

    <p class='ocr_par' dir='ltr' id='par_1_11' title="bbox 216 3026 937 3118">
     <span class='ocr_line' id='line_1_34' title="bbox 216 3026 937 3118; baseline -0.004 -20"><span class='ocrx_word' id='word_1_282' title='bbox 216 3027 381 3098; x_wconf 66' lang='lat' dir='ltr'>‘odotem&#39;</span> <span class='ocrx_word' id='word_1_283' title='bbox 403 3031 436 3095; x_wconf 77' lang='lat' dir='ltr'>do</span> <span class='ocrx_word' id='word_1_284' title='bbox 456 3026 542 3118; x_wconf 65' lang='grc' dir='ltr'><strong><em>αἰετῷ</em></strong></span> <span class='ocrx_word' id='word_1_285' title='bbox 562 3027 663 3094; x_wconf 88' lang='grc' dir='ltr'><strong><em>πάντα</em></strong></span> <span class='ocrx_word' id='word_1_286' title='bbox 684 3031 847 3111; x_wconf 77' lang='grc' dir='ltr'><strong><em>συλλαβὼν</em></strong></span> <span class='ocrx_word' id='word_1_287' title='bbox 868 3032 937 3112; x_wconf 68' lang='grc' dir='ltr'><strong><em>ἔχει.</em></strong></span> 
     </span>
    </p>

    <p class='ocr_par' dir='ltr' id='par_1_12' title="bbox 134 3115 1308 3367">
     <span class='ocr_line' id='line_1_35' title="bbox 135 3115 1307 3206; baseline 0.003 -23"><span class='ocrx_word' id='word_1_288' title='bbox 135 3117 197 3183; x_wconf 81' lang='lat' dir='ltr'>vid.</span> <span class='ocrx_word' id='word_1_289' title='bbox 217 3116 346 3182; x_wconf 87' lang='lat' dir='ltr'>Achillis</span> <span class='ocrx_word' id='word_1_290' title='bbox 367 3115 452 3182; x_wconf 87' lang='lat' dir='ltr'>Tatii</span> <span class='ocrx_word' id='word_1_291' title='bbox 479 3116 634 3180; x_wconf 88' lang='lat' dir='ltr'>introduct.</span> <span class='ocrx_word' id='word_1_292' title='bbox 665 3115 697 3179; x_wconf 92' lang='lat' dir='ltr'>in</span> <span class='ocrx_word' id='word_1_293' title='bbox 719 3115 807 3179; x_wconf 89' lang='lat' dir='ltr'>Arati</span> <span class='ocrx_word' id='word_1_294' title='bbox 827 3115 992 3182; x_wconf 89' lang='lat' dir='ltr'>Phaenom.</span> <span class='ocrx_word' id='word_1_295' title='bbox 1013 3140 1042 3206; x_wconf 88' lang='lat' dir='ltr'>p.</span> <span class='ocrx_word' id='word_1_296' title='bbox 1062 3118 1121 3200; x_wconf 79' lang='lat' dir='ltr'>ol,</span> <span class='ocrx_word' id='word_1_297' title='bbox 1153 3121 1206 3186; x_wconf 91' lang='lat' dir='ltr'>uhi</span> <span class='ocrx_word' id='word_1_298' title='bbox 1231 3122 1307 3187; x_wconf 85' lang='lat' dir='ltr'>male</span> 
     </span>
     <span class='ocr_line' id='line_1_36' title="bbox 135 3201 1308 3290; baseline 0.004 -22"><span class='ocrx_word' id='word_1_299' title='bbox 135 3202 270 3268; x_wconf 90' lang='lat' dir='ltr'>homines</span> <span class='ocrx_word' id='word_1_300' title='bbox 300 3201 378 3267; x_wconf 90' lang='lat' dir='ltr'>docti</span> <span class='ocrx_word' id='word_1_301' title='bbox 408 3207 597 3289; x_wconf 88' lang='lat' dir='ltr'>anapaestum</span> <span class='ocrx_word' id='word_1_302' title='bbox 619 3205 785 3281; x_wconf 84' lang='lat' dir='ltr'>removent,</span> <span class='ocrx_word' id='word_1_303' title='bbox 807 3201 856 3285; x_wconf 94' lang='lat' dir='ltr'>qui</span> <span class='ocrx_word' id='word_1_304' title='bbox 878 3202 942 3283; x_wconf 88' lang='lat' dir='ltr'>hic,</span> <span class='ocrx_word' id='word_1_305' title='bbox 968 3204 1018 3267; x_wconf 92' lang='lat' dir='ltr'>uhi</span> <span class='ocrx_word' id='word_1_306' title='bbox 1039 3204 1234 3290; x_wconf 87' lang='lat' dir='ltr'>veriloquium</span> <span class='ocrx_word' id='word_1_307' title='bbox 1254 3228 1308 3273; x_wconf 92' lang='lat' dir='ltr'>no·</span> 
     </span>
     <span class='ocr_line' id='line_1_37' title="bbox 134 3285 951 3367; baseline -0.004 -13"><span class='ocrx_word' id='word_1_308' title='bbox 134 3287 224 3354; x_wconf 87' lang='lat' dir='ltr'>minis</span> <span class='ocrx_word' id='word_1_309' title='bbox 244 3285 431 3351; x_wconf 90' lang='lat' dir='ltr'>indicandum</span> <span class='ocrx_word' id='word_1_310' title='bbox 451 3285 519 3367; x_wconf 84' lang='lat' dir='ltr'>luit,</span> <span class='ocrx_word' id='word_1_311' title='bbox 539 3286 612 3350; x_wconf 91' lang='lat' dir='ltr'>satis</span> <span class='ocrx_word' id='word_1_312' title='bbox 633 3286 722 3351; x_wconf 89' lang='lat' dir='ltr'>hahet</span> <span class='ocrx_word' id='word_1_313' title='bbox 742 3287 951 3351; x_wconf 87' lang='lat' dir='ltr'>excusationis.</span> 
     </span>
    </p>

    <p class='ocr_par' dir='ltr' id='par_1_13' title="bbox 135 3369 1306 3716">
     <span class='ocr_line' id='line_1_38' title="bbox 220 3369 1305 3470; baseline 0.006 -34"><span class='ocrx_word' id='word_1_314' title='bbox 220 3369 376 3461; x_wconf 82' lang='lat' dir='ltr'>Hermippi</span> <span class='ocrx_word' id='word_1_315' title='bbox 396 3373 561 3434; x_wconf 71' lang='lat' dir='ltr'>Pistrioes</span> <span class='ocrx_word' id='word_1_316' title='bbox 581 3370 763 3460; x_wconf 90' lang='lat' dir='ltr'>potissimum</span> <span class='ocrx_word' id='word_1_317' title='bbox 795 3369 827 3433; x_wconf 94' lang='lat' dir='ltr'>in</span> <span class='ocrx_word' id='word_1_318' title='bbox 853 3369 1029 3470; x_wconf 89' lang='lat' dir='ltr'>Hyperbolo</span> <span class='ocrx_word' id='word_1_319' title='bbox 1060 3374 1181 3460; x_wconf 89' lang='lat' dir='ltr'>eiusque</span> <span class='ocrx_word' id='word_1_320' title='bbox 1213 3382 1305 3443; x_wconf 83' lang='lat' dir='ltr'>matre</span> 
     </span>
     <span class='ocr_line' id='line_1_39' title="bbox 136 3453 1306 3545; baseline 0.005 -24"><span class='ocrx_word' id='word_1_321' title='bbox 136 3455 317 3544; x_wconf 81' lang='lat' dir='ltr'>exagitanda</span> <span class='ocrx_word' id='word_1_322' title='bbox 342 3463 477 3521; x_wconf 87' lang='lat' dir='ltr'>versatas</span> <span class='ocrx_word' id='word_1_323' title='bbox 501 3456 598 3520; x_wconf 84' lang='lat' dir='ltr'>fuisse</span> <span class='ocrx_word' id='word_1_324' title='bbox 617 3453 835 3542; x_wconf 82' lang='lat' dir='ltr'>Aristophanes</span> <span class='ocrx_word' id='word_1_325' title='bbox 867 3466 940 3520; x_wconf 79' lang='lat' dir='ltr'>satis</span> <span class='ocrx_word' id='word_1_326' title='bbox 967 3478 1112 3545; x_wconf 89' lang='lat' dir='ltr'>superque</span> <span class='ocrx_word' id='word_1_327' title='bbox 1138 3460 1306 3527; x_wconf 86' lang='lat' dir='ltr'>indicatio</span> 
     </span>
     <span class='ocr_line' id='line_1_40' title="bbox 135 3540 1306 3632; baseline 0.005 -25"><span class='ocrx_word' id='word_1_328' title='bbox 135 3541 283 3607; x_wconf 89' lang='lat' dir='ltr'>Parahasi</span> <span class='ocrx_word' id='word_1_329' title='bbox 308 3541 456 3622; x_wconf 92' lang='lat' dir='ltr'>Nuhium,</span> <span class='ocrx_word' id='word_1_330' title='bbox 487 3541 537 3605; x_wconf 94' lang='lat' dir='ltr'>uhi</span> <span class='ocrx_word' id='word_1_331' title='bbox 565 3540 740 3629; x_wconf 85' lang='lat' dir='ltr'>perstringit</span> <span class='ocrx_word' id='word_1_332' title='bbox 766 3540 903 3625; x_wconf 87' lang='lat' dir='ltr'>aequales</span> <span class='ocrx_word' id='word_1_333' title='bbox 932 3543 1057 3607; x_wconf 91' lang='lat' dir='ltr'>comicos</span> <span class='ocrx_word' id='word_1_334' title='bbox 1083 3553 1204 3632; x_wconf 78' lang='lat' dir='ltr'>poetas,</span> <span class='ocrx_word' id='word_1_335' title='bbox 1230 3546 1306 3632; x_wconf 90' lang='lat' dir='ltr'>quod</span> 
     </span>
     <span class='ocr_line' id='line_1_41' title="bbox 135 3624 1306 3716; baseline 0.006 -26"><span class='ocrx_word' id='word_1_336' title='bbox 135 3647 196 3691; x_wconf 92' lang='lat' dir='ltr'>non</span> <span class='ocrx_word' id='word_1_337' title='bbox 216 3625 410 3691; x_wconf 87' lang='lat' dir='ltr'>intermittant</span> <span class='ocrx_word' id='word_1_338' title='bbox 429 3647 518 3690; x_wconf 90' lang='lat' dir='ltr'>unum</span> <span class='ocrx_word' id='word_1_339' title='bbox 530 3624 711 3711; x_wconf 89' lang='lat' dir='ltr'>eundemque</span> <span class='ocrx_word' id='word_1_340' title='bbox 725 3624 874 3690; x_wconf 90' lang='lat' dir='ltr'>hominem</span> <span class='ocrx_word' id='word_1_341' title='bbox 888 3626 1006 3716; x_wconf 90' lang='lat' dir='ltr'>saepius</span> <span class='ocrx_word' id='word_1_342' title='bbox 1017 3627 1116 3693; x_wconf 90' lang='lat' dir='ltr'>ridere</span> <span class='ocrx_word' id='word_1_343' title='bbox 1137 3652 1306 3713; x_wconf 82' lang='lat' dir='ltr'>acvexare,</span> 
     </span>
    </p>
   </div>
   <div class='ocr_carea' id='block_1_6' title="bbox 134 3711 1205 4390">
    <p class='ocr_par' dir='ltr' id='par_1_14' title="bbox 134 3711 1205 4302">
     <span class='ocr_line' id='line_1_42' title="bbox 134 3711 958 3778; baseline 0.001 -3"><span class='ocrx_word' id='word_1_344' title='bbox 134 3731 163 3776; x_wconf 84' lang='lat' dir='ltr'>v.</span> <span class='ocrx_word' id='word_1_345' title='bbox 183 3711 266 3778; x_wconf 82' lang='lat'>551:</span> <span class='ocrx_word' id='word_1_346' title='bbox 953 3747 958 3755; x_wconf 94' lang='lat'>·</span> 
     </span>
     <span class='ocr_line' id='line_1_43' title="bbox 214 3784 1062 3879; baseline -0.001 -20"><span class='ocrx_word' id='word_1_347' title='bbox 214 3784 309 3859; x_wconf 78' lang='grc' dir='ltr'><strong><em>Οὗτοι</em></strong></span> <span class='ocrx_word' id='word_1_348' title='bbox 330 3787 363 3853; x_wconf 81' lang='lat' dir='ltr'>d&#39;</span> <span class='ocrx_word' id='word_1_349' title='bbox 386 3785 429 3866; x_wconf 81' lang='grc' dir='ltr'>ὥς</span> <span class='ocrx_word' id='word_1_350' title='bbox 449 3787 534 3871; x_wconf 82' lang='grc' dir='ltr'><strong><em>ἅπαξ</em></strong></span> <span class='ocrx_word' id='word_1_351' title='bbox 554 3792 728 3879; x_wconf 79' lang='grc' dir='ltr'><strong><em>παρίδωκεν</em></strong></span> <span class='ocrx_word' id='word_1_352' title='bbox 749 3792 848 3875; x_wconf 80' lang='grc' dir='ltr'><strong><em>λαβὴν</em></strong></span> <span class='ocrx_word' id='word_1_353' title='bbox 863 3790 1062 3877; x_wconf 68' lang='grc' dir='ltr'><strong><em>Ὑπέρβολος,</em></strong></span> 
     </span>
     <span class='ocr_line' id='line_1_44' title="bbox 219 3875 1076 3964; baseline 0.002 -22"><span class='ocrx_word' id='word_1_354' title='bbox 219 3881 342 3942; x_wconf 81' lang='grc' dir='ltr'><strong><em>Τοῦτον</em></strong></span> <span class='ocrx_word' id='word_1_355' title='bbox 367 3877 502 3941; x_wconf 76' lang='grc' dir='ltr'><strong><em>δείλαιον</em></strong></span> <span class='ocrx_word' id='word_1_356' title='bbox 527 3877 691 3963; x_wconf 78' lang='grc' dir='ltr'><strong><em>κολετρῶσ’</em></strong></span> <span class='ocrx_word' id='word_1_357' title='bbox 721 3875 767 3941; x_wconf 77' lang='lat' dir='ltr'>oiel</span> <span class='ocrx_word' id='word_1_358' title='bbox 793 3880 844 3941; x_wconf 78' lang='grc' dir='ltr'>καί</span> <span class='ocrx_word' id='word_1_359' title='bbox 870 3877 927 3961; x_wconf 80' lang='grc' dir='ltr'>τὴν</span> <span class='ocrx_word' id='word_1_360' title='bbox 946 3880 1076 3964; x_wconf 71' lang='grc' dir='ltr'><strong><em>μητέρα.</em></strong></span> 
     </span>
     <span class='ocr_line' id='line_1_45' title="bbox 218 3957 1101 4047; baseline 0.002 -21"><span class='ocrx_word' id='word_1_361' title='bbox 218 3959 353 4036; x_wconf 68' lang='grc' dir='ltr'><strong><em>Εὔπολις</em></strong></span> <span class='ocrx_word' id='word_1_362' title='bbox 371 3961 428 4043; x_wconf 73' lang='grc' dir='ltr'>μὲν</span> <span class='ocrx_word' id='word_1_363' title='bbox 448 3961 503 4026; x_wconf 84' lang='grc' dir='ltr'>τὸν</span> <span class='ocrx_word' id='word_1_364' title='bbox 524 3966 676 4047; x_wconf 80' lang='grc' dir='ltr'><strong><em>Μαρικᾶν</em></strong></span> <span class='ocrx_word' id='word_1_365' title='bbox 701 3957 873 4044; x_wconf 79' lang='grc' dir='ltr'><strong><em>πρώτιστον</em></strong></span> <span class='ocrx_word' id='word_1_366' title='bbox 893 3967 1101 4047; x_wconf 81' lang='grc' dir='ltr'><strong><em>παρείλκυσεν,</em></strong></span> 
     </span>
     <span class='ocr_line' id='line_1_46' title="bbox 211 4043 1059 4134; baseline 0.002 -24"><span class='ocrx_word' id='word_1_367' title='bbox 211 4046 404 4128; x_wconf 77' lang='grc' dir='ltr'><strong><em>Ἕκστρίψας</em></strong></span> <span class='ocrx_word' id='word_1_368' title='bbox 423 4046 497 4124; x_wconf 75' lang='grc' dir='ltr'><strong><em>τοὺς</em></strong></span> <span class='ocrx_word' id='word_1_369' title='bbox 516 4043 682 4134; x_wconf 64' lang='grc' dir='ltr'><strong><em>ἡμετέρους</em></strong></span> <span class='ocrx_word' id='word_1_370' title='bbox 702 4046 812 4123; x_wconf 73' lang='grc' dir='ltr'><strong><em>ἱππίας</em></strong></span> <span class='ocrx_word' id='word_1_371' title='bbox 832 4047 926 4123; x_wconf 85' lang='grc' dir='ltr'><strong><em>κακὸς</em></strong></span> <span class='ocrx_word' id='word_1_372' title='bbox 947 4055 1059 4126; x_wconf 82' lang='grc' dir='ltr'><strong><em>κακῶς,</em></strong></span> 
     </span>
     <span class='ocr_line' id='line_1_47' title="bbox 216 4129 1205 4221; baseline 0.005 -27"><span class='ocrx_word' id='word_1_373' title='bbox 216 4133 377 4217; x_wconf 69' lang='grc' dir='ltr'><strong><em>Προσθείς</em></strong></span> <span class='ocrx_word' id='word_1_374' title='bbox 396 4129 484 4220; x_wconf 76' lang='lat' dir='ltr'>crispi</span> <span class='ocrx_word' id='word_1_375' title='bbox 504 4139 603 4218; x_wconf 74' lang='lat' dir='ltr'>ypatio</span> <span class='ocrx_word' id='word_1_376' title='bbox 621 4129 764 4216; x_wconf 76' lang='grc' dir='ltr'><strong><em>μεθίσην</em></strong></span> <span class='ocrx_word' id='word_1_377' title='bbox 784 4138 840 4198; x_wconf 84' lang='grc' dir='ltr'>τοῦ</span> <span class='ocrx_word' id='word_1_378' title='bbox 861 4129 1011 4219; x_wconf 78' lang='grc' dir='ltr'><strong><em>κόρδακος</em></strong></span> <span class='ocrx_word' id='word_1_379' title='bbox 1032 4130 1145 4218; x_wconf 68' lang='grc' dir='ltr'><strong><em>οὕνεχ’,</em></strong></span> <span class='ocrx_word' id='word_1_380' title='bbox 1166 4133 1205 4221; x_wconf 82' lang='grc' dir='ltr'>ἣν</span> 
     </span>
     <span class='ocr_line' id='line_1_48' title="bbox 218 4213 1033 4302; baseline 0.001 -23"><span class='ocrx_word' id='word_1_381' title='bbox 218 4216 372 4302; x_wconf 72' lang='grc' dir='ltr'><strong><em>Φρύνιχος</em></strong></span> <span class='ocrx_word' id='word_1_382' title='bbox 392 4213 488 4282; x_wconf 84' lang='grc' dir='ltr'><strong><em>πάλαι</em></strong></span> <span class='ocrx_word' id='word_1_383' title='bbox 509 4217 663 4300; x_wconf 76' lang='grc' dir='ltr'><strong><em>πεποίηχ’,</em></strong></span> <span class='ocrx_word' id='word_1_384' title='bbox 684 4215 723 4300; x_wconf 79' lang='grc' dir='ltr'>ἢν</span> <span class='ocrx_word' id='word_1_385' title='bbox 742 4216 780 4282; x_wconf 77' lang='grc' dir='ltr'>τὸ</span> <span class='ocrx_word' id='word_1_386' title='bbox 800 4223 892 4301; x_wconf 82' lang='grc' dir='ltr'><strong><em>κῆτος</em></strong></span> <span class='ocrx_word' id='word_1_387' title='bbox 910 4216 1033 4300; x_wconf 72' lang='grc' dir='ltr'><strong><em>ἤσθιεν·</em></strong></span> 
     </span>
    </p>

    <p class='ocr_par' dir='ltr' id='par_1_15' title="bbox 215 4298 1054 4390">
     <span class='ocr_line' id='line_1_49' title="bbox 215 4298 1054 4390; baseline 0.005 -25"><span class='ocrx_word' id='word_1_388' title='bbox 215 4298 290 4366; x_wconf 67' lang='grc' dir='ltr'>Εἶθ’</span> <span class='ocrx_word' id='word_1_389' title='bbox 307 4299 487 4388; x_wconf 72' lang='grc' dir='ltr'><strong><em>’Ἕρμιππος</em></strong></span> <span class='ocrx_word' id='word_1_390' title='bbox 513 4299 608 4380; x_wconf 68' lang='grc' dir='ltr'><strong><em>αὖθις</em></strong></span> <span class='ocrx_word' id='word_1_391' title='bbox 628 4302 769 4385; x_wconf 66' lang='grc' dir='ltr'><strong><em>ἐποίησεν</em></strong></span> <span class='ocrx_word' id='word_1_392' title='bbox 795 4306 839 4381; x_wconf 78' lang='grc' dir='ltr'>εἰς</span> <span class='ocrx_word' id='word_1_393' title='bbox 853 4298 1054 4390; x_wconf 73' lang='grc' dir='ltr'><strong><em>Ὑπέρβολον,</em></strong></span> 
     </span>
    </p>
   </div>
   <div class='ocr_carea' id='block_1_7' title="bbox 0 0 1384 4792">
    <p class='ocr_par' dir='ltr' id='par_1_16' title="bbox 0 0 1384 4792">
     <span class='ocr_line' id='line_1_50' title="bbox 0 0 1384 4792; baseline 0 4"><span class='ocrx_word' id='word_1_394' title='bbox 0 0 1384 4792; x_wconf 95' lang='lat' dir='ltr'> </span> 
     </span>
    </p>
   </div>
  </div>
 </body>
</html>
