2760 4792
281 228 340 299 un
363 173 1009 304 aumo.couonn.uuauuu1o
1159 228 1224 299 ιιι

60 397 98 464 al
123 394 274 486 Aristoph.
288 395 419 484 Fragm.
446 417 476 487 ρ.
495 398 519 462 6
538 417 638 482 seqq.,
679 394 735 462 secl
762 417 824 462 non
854 397 927 463 satis
952 402 1032 464 recte
1058 402 1225 466 correxisse

59 483 132 550 mihi
151 483 276 549 videtur.
308 481 453 568 Equidem
473 481 517 546 uic
537 488 634 547 statuo
655 481 881 546 conformandos
902 492 1182 573 esseanupaestos:

143 570 188 632 A.
205 567 273 631 Ἐπὶ
288 567 465 649 καινοτέρας
479 565 690 647 ίδέαςάσεβῆ
710 559 849 646 fitensi
867 564 1080 653 μοχθηρός,
1101 567 1225 651 λ’τριβες.

143 655 185 716 Β.
227 653 304 728 Πῶς
325 644 350 716 ὦ
372 657 492 716 πολλῶν
512 648 573 732 ήδη
593 647 737 716 λοπάδων
757 651 829 726 τοδς
850 651 997 732 άμβωνας
1017 656 1193 739 περιλείξας.

54 736 184 806 Videtur
210 738 289 802 enim
310 736 433 825 Eupolis
458 759 498 801 ex
517 737 641 824 ingenio
667 737 766 837 populi
787 736 879 802 Attici
907 745 937 801 et
961 738 1095 803 instituto
1115 740 1225 804 veteris

59 822 226 887 comoediae
248 822 320 887 duos
340 823 474 886 homines
495 842 602 910 pravos
624 827 654 887 et
675 824 803 890 abiectos
829 823 908 886 iuter
934 843 967 886 se
986 823 1119 892 rixantes
1140 821 1226 909 atque

59 907 210 996 litigantes
230 907 404 989 induxisse,
424 929 463 971 ex
483 907 587 993 quihus
609 928 701 988 unus,
723 928 786 970 cum
809 907 895 971 alteri
914 907 1022 989 vitam,
1043 929 1128 993 quam
1150 929 1226 973 novo

60 993 183 1079 quodam
208 991 310 1075 modo,
343 993 409 1057 sine
435 991 495 1056 ullo
522 993 656 1080 exemplo
688 998 759 1079 agat
784 992 945 1080 improbam
975 1000 1005 1056 et
1030 993 1227 1075 inhonestum,

55 1078 283 1245 {filiiflii
296 1077 889 1251 rfltffhtttthllttlff
896 1078 1070 1229 attolit
1087 1078 1229 1228 titt

137 1228 179 1310 Ὦ
201 1249 304 1333 φίλος,
327 1239 351 1310 ὦ
372 1244 443 1312 πόσι
465 1271 519 1326 μοι
724 1185 744 1253 p

144 1330 191 1395 Σδ
212 1332 272 1412 μὲν
289 1331 438 1415 φθίμενος
457 1330 600 1408 ἀλαίνεις.

61 1416 296 1504 Qfflfflffi

144 1500 190 1565 Eu
211 1502 297 1572 olidis
330 1523 370 1566 ex
402 1501 511 1588 th
536 1501 736 1587 fragmentum
771 1501 883 1588 legitur
921 1500 997 1590 apud
1032 1501 1230 1567 Scholiastam

61 1523 213 1674 Aristopli.
233 1585 314 1659 Avu.
326 1587 424 1650 1576?
446 1586 647 1658 Λαισποδίας
668 1586 701 1648 δὲ
722 1587 773 1647 καί
789 1586 958 1664 Δαμασίας
980 1582 1022 1660 ὡς
1043 1582 1230 1669 κακάκνημοι

60 1669 295 1753 διαβάλλονται·
325 1664 505 1750 μνημονεύει
527 1669 560 1730 δὲ
581 1666 684 1730 αὐτῶν
705 1670 754 1731 καὶ
778 1668 912 1744 Εὔπολις
933 1672 965 1733 έν
986 1667 1124 1751 Δήμοις·

147 1757 229 1819 Tuti
250 1752 343 1816 δὲτὰ
364 1752 476 1834 δένδρα
497 1752 698 1826 Λαισποδίας
719 1754 770 1814 καί
791 1752 961 1831 Δαμασίας

143 1839 280 1904 Atreum
301 1846 368 1912 ταῖς
389 1835 549 1917 κνήμαισιν
570 1833 782 1899 ἇκολοαθοῦσί
798 1861 863 1916 μοι.
1001 1919 1003 1922 y

59 1923 143 1992 Satis
162 1927 382 2013 praeposterum
402 1921 538 1988 hocloco
560 1929 591 1985 et
606 1920 786 2010 superfluum
805 1919 878 1986 illud
900 1918 1055 1986 αιἰταίσι
1074 1928 1143 1997 ταῖς
1162 1915 1231 2004 κνή-

57 2034 169 2093 μαισιι
197 2007 353 2097 scripsisse
373 2015 487 2095 poetam
510 2006 664 2071 existimo:

145 2095 183 2156 A
188 2101 339 2157 επταῖσι
359 2100 428 2168 ταῖς
448 2087 578 2174 κνήμαις
597 2089 810 2155 άκολοαθοῦσί
827 2114 893 2170 μοι.
1222 2129 1224 2133 <

60 2176 133 2243 Fuit
154 2179 231 2242 enim
242 2176 430 2264 Leespodias
451 2177 514 2258 illo,
536 2176 611 2240 sieut
632 2175 719 2239 etiam
731 2175 900 2257 Damasies,
921 2174 1055 2240 cruribus
1077 2171 1231 2239 admodum

100 2263 234 2327 acilentis
256 2269 286 2327 et
306 2262 484 2343 incurvatis,
505 2260 582 2347 quod
602 2261 704 2325 vitium
726 2267 758 2323 ut
779 2259 897 2337 celaret,
918 2259 1038 2349 pallium
1061 2259 1232 2347 longiuscu-

74 2370 120 2412 um
143 2348 295 2436 gestabat3
318 2347 386 2412 hine
406 2347 625 2499 AristoXhanes
645 2347 678 2410 in
698 2344 815 2409 Avibus
836 2367 873 2410 eo
894 2367 979 2432 quem
1001 2345 1064 2432 (lixi
1086 2343 1153 2409 loco
1174 2364 1236 2408 non

60 2432 188 2498 infacete
209 2433 287 2497 hunc
308 2433 455 2497 hominem
476 2434 503 2496 ri
523 2439 572 2496 et:
1029 2474 1031 2479 -

150 2507 251 2592 Οὗτος
271 2517 303 2580 τί
322 2519 414 2606 δρᾷς;
441 2515 490 2581 ἐπ’
515 2512 651 2601 άρίστερ’
675 2511 773 2590 ctam
793 2514 919 2599 ἀμπέχει
926 2541 937 2600 ,·

150 2601 197 2667 Οὐ
218 2607 400 2682 μεταβαλεῖς
419 2598 585 2684 θοίμάτιον
605 2593 663 2665 ὧδ’
687 2601 735 2666 ἐπί
751 2599 876 2683 δεξιάν,1
994 2631 998 2640 ·

149 2688 193 2750 Τί
210 2678 236 2750 ὦ
256 2683 462 2769 κακάδαιμον;
501 2686 703 2762 Λαισποδίας
724 2682 752 2750 εί
769 2687 825 2769 τήν
851 2684 962 2768 φάσινς

61 2772 113 2837 uhi
138 2771 321 2837 Scholiasta:
364 2769 411 2837 ὅτι
442 2770 498 2854 τήν
530 2767 647 2855 κνήμην
673 2768 731 2853 εἶχε
763 2771 885 2854 σαπρὰν
916 2768 1154 2845 ὁΛαισποδίας
1181 2769 1234 2832 καλ

61 2856 151 2942 μέχρι
169 2863 230 2922 τῶν
256 2852 338 2922 κάτω
360 2853 585 2942 περιεβάλλετο·
613 2858 664 2920 καί
687 2857 716 2921 oi
741 2856 897 2941 βάρβαροι
919 2857 953 2918 δὲ
973 2854 1012 2919 τά
1033 2855 1125 2935 σκέλη
1147 2875 1235 2938 περι·

60 2943 241 3024 βέβληνται·
263 2979 304 2993 -
318 2939 399 3024 ’Ἔχει
421 2943 455 3006 δὲ
475 2944 526 3005 καί
548 2943 614 3029 περί
635 2941 692 3017 τάς
713 2940 830 3023 κνήμας
849 2939 934 3016 τινάς
954 2942 1069 3018 αἰτίας,
1092 2938 1133 3016 ὥς
1155 2962 1232 3025 φησι

61 3026 212 3111 Στράττις
233 3028 265 3091 ἓν
285 3027 432 3116 Κινησίηι·
462 3025 510 3090 διὸ
532 3030 582 3090 καί
604 3027 683 3092 κατὰ
704 3031 819 3091 σκελῶν
840 3025 944 3112 ἐφόρει
965 3024 1001 3090 τὸ
1028 3021 1164 3105 ἱμάτιον,
1192 3021 1235 3101 ὡς

64 3110 249 3194 Θεόπομπος
275 3113 307 3175 ἒν
327 3112 394 3175 Παι
415 3114 458 3176 lu·
501 3108 682 3194 Δημήτριος
707 3112 742 3175 δὲ
767 3114 818 3175 καὶ
846 3107 954 3184 πάντες
975 3110 1028 3174 τὸν
1047 3109 1155 3187 Ἰξίονα
1183 3107 1235 3172 λέ-

60 3220 167 3280 γουσιν
187 3199 219 3260 ἒν
239 3195 466 3272 ταῖςἈττικαῒς
486 3197 599 3272 λέξεσιν
621 3197 720 3284 (leget
742 3192 828 3277 Δήμ.
850 3199 899 3260 καί
923 3195 952 3258 οἱ
973 3196 1040 3277 περὶ
1056 3194 1110 3260 τὸν
1124 3194 1234 3270 Ἰξίονα

61 3281 137 3367 ily.)
160 3277 202 3356 ὡς
222 3286 364 3363 γλῶσσαν
384 3284 571 3365 ἐξηγεῖσθαι,
594 3278 639 3347 δτι
650 3281 849 3356 Λαισποδίας
871 3283 951 3345 ἐστίν
972 3277 988 3344 ὅ
1011 3279 1147 3364 ἀκρατής
1168 3282 1236 3361 περὶ
1254 3318 1256 3322 <

65 3365 105 3428 τὰ
144 3365 334 3451 ἀφροδίσια,
376 3363 452 3430 ὥστε
485 3369 535 3429 καί
573 3365 667 3450 κτήνη
706 3367 838 3431 σποδεῖν.
899 3362 1047 3431 Con'feras
1088 3363 1237 3450 Hesychii

64 3452 197 3534 quamvis
230 3471 400 3562 perversam
435 3451 677 3538 explicationem:
720 3451 939 3525 Λαισποδίας·
984 3446 1081 3530 ὄνομα
1115 3446 1236 3531 κύριον·

63 3533 138 3599 ἔνιοι
161 3536 195 3599 δέ
213 3560 267 3600 τον
283 3534 475 3609 Ἀλκμαίωνα
496 3534 648 3622 ᾠήθησαν
668 3535 810 3619 λέγεσθαι
833 3537 974 3617 (fortusse
995 3533 1049 3598 τὸν
1065 3533 1237 3614 Ἀλκμαίω-

65 3644 131 3696 νος,
176 3628 206 3685 ut
236 3621 327 3686 fuerit
354 3620 541 3708 Laespodias
572 3643 589 3686 e
618 3620 1024 3708 gente'hlcmaeonirlurum)
1059 3618 1089 3682 οἳ
1122 3619 1156 3682 δὲ
1183 3618 1237 3682 τὸν

64 3703 267 3789 δριπανιδδεις
288 3702 386 3780 πόδας
407 3702 524 3787 έχοντα.
541 3705 637 3786 ΙΑδδο
655 3706 724 3770 Τοο
744 3707 803 3770 ium
826 3705 863 3770 ad
885 3704 1081 3770 Scholiastam
1103 3702 1236 3767 Theocr.

40 3791 108 3857 ld.
130 3789 183 3859 lV.
205 3792 261 3856 63:
305 3791 425 3875 „Atque
448 3791 516 3854 hinc
536 3791 636 3855 Panes
659 3728 842 3871 κακάκνημοι
865 3790 952 3854 dicti:
973 3810 1041 3853 nam
1063 3808 1122 3852 vox
1143 3783 1234 3851 κακό-

65 3876 235 4025 φημρὲθίἓ
256 3876 395 4024 oblsgenils
406 3883 460 3939 est
469 3875 566 4024 Οὲηιιεδ
575 3875 714 4024 didicisse
728 3874 837 4024 virleolrl
837 3897 894 4024 ⁰eui
902 3873 1070 3981 Scholiasta
1077 3872 1233 4021 millio

96 3983 125 4025 ν.
329 3983 340 4022 u
398 3982 448 4024 aes
507 3983 517 4023 r
580 3982 596 4024 e
662 3981 788 4024 amasias
855 3981 949 4026 τριτον
971 3983 1010 4021 ακ
1032 3982 1112 4032 ατεις

65 4044 215 4113 Venerem
238 4009 387 4132 ’proclives
415 3983 600 4126 κάίιίκνημοι
626 4044 777 4127 dicuntur,
809 4044 829 4109 i.
851 4067 878 4108 e.
900 3983 1073 4129 gracilehtis
1100 4042 1233 4106 cruribus

66 4129 215 4194 deformes
237 4138 266 4192 et
286 4130 318 4191 in
339 4129 487 4216 palaestra
507 4128 635 4196 Veneris
657 4129 765 4194 detriti.
808 4128 993 4214 Hesychius:
1016 4123 1232 4208 Κακόκνημος·

66 4211 304 4300 κακάφθαρτος,
325 4209 521 4288 κακάσιτος.“
563 4213 631 4278 Huc
652 4213 727 4280 udde
749 4211 961 4281 Callimachum
982 4212 1059 4302 apud
1082 4210 1236 4278 Gramma·
1355 4301 1357 4305 .

67 4298 154 4365 ticum
175 4298 206 4364 in
228 4297 329 4363 Bekk.
350 4293 464 4364 hnecd.
485 4297 528 4366 Τ.
550 4296 605 4365 lll.
626 4319 655 4389 ρ.
677 4299 775 4366 1188:
