2760 4792
334 223 391 291 DE
412 221 555 300 anulo.
578 220 765 292 ΟΟΜΟΕῙ),
789 212 895 291 ATT.
917 221 1061 298 anule.
1233 227 1277 296 25

107 394 170 461 Sed
191 394 269 460 idern
290 416 353 459 curn
376 393 448 461 artis
469 393 598 460 musicae
610 391 723 463 ‚studiis
745 391 965 480 grammaticam
988 391 1140 456 coniunxit
1158 400 1187 457 et
1200 391 1276 458 Gar·

107 480 192 581 garis
214 480 386 545 litteratoris
417 501 538 544 munere
562 479 679 543 iunctus
700 498 808 566 pueros
828 477 932 565 primis
958 476 1120 540 litterarum
1148 478 1275 541 elemen-

107 572 147 632 us
166 562 279 630 imbuit
320 564 384 628 Iam
409 564 437 628 si
462 571 542 628 recte
570 564 659 628 statui
683 564 762 627 hunc
782 561 944 626 Diotimum
965 561 1030 626 istis
1053 563 1120 626 aevi
1140 561 1275 626 Alexan·

107 649 188 714 drini
207 649 302 738 poetis
330 647 579 714 annumerandum
606 669 691 729 esse,
733 669 835 736 parurn
862 653 942 711 recte
968 644 1141 710 Archilochi
1168 669 1274 711 nomen

105 735 312 823 interpositum
339 740 387 799 est
413 732 566 799 Cratinum
592 732 671 797 inter
698 738 783 816 atque
810 731 980 796 Diotimum.
1024 728 1145 795 Scribas
1166 733 1274 820 igiturt

105 822 263 904 Κρατῖνος
278 814 530 902 Ἀρχιλόχοις.
570 815 694 883 Sublata
714 817 770 881 hac
791 815 962 880 difficultate
984 816 1074 880 instat
1095 817 1181 882 etiam
1204 839 1275 904 gra·

92 904 182 981 ¹rior.
223 903 301 969 Nem
323 903 416 968 Suida
436 902 552 988 quidem
574 910 692 967 auctore
714 901 790 965 dixit
810 900 975 964 Diotimus:

121 1017 124 1021 ·
183 979 280 1064 Ὦλός
299 987 329 1052 τ’
353 984 534 1073 Εὐρύβατός
555 1011 601 1064 τε,
623 985 688 1051 mlo
707 987 934 1070 βαρυδαίμονες
955 982 1072 1067 ἄνδρες.

102 1073 210 1160 Neque
230 1080 326 1162 potest
345 1074 402 1138 hoc
421 1074 454 1138 in
482 1072 690 1137 dubitationem
716 1071 833 1151 vocari,
866 1070 936 1154 quin
962 1071 1042 1134 Olae
1064 1085 1099 1134 et
1117 1074 1274 1154 Euryba-

105 1172 163 1223 tm
191 1159 226 1222 ab
253 1159 309 1222 hoc
334 1165 420 1247 poeta
440 1159 471 1221 in
494 1179 646 1221 numerum
668 1154 764 1222 Cerco
785 1177 833 1219 um
853 1155 966 1220 fuerint
986 1155 1082 1219 relati.
1126 1155 1187 1221 Sed
1208 1157 1274 1221 Lu-

104 1243 186 1307 ciani
205 1243 352 1344 interpres
374 1243 532 1331 appellavit
552 1239 669 1329 Syllum
691 1249 720 1304 et
774 1240 927 1323 riballum,
965 1261 1038 1325 quae
1060 1241 1179 1304 nomina
1199 1241 1274 1307 Dio-

103 1328 171 1392 timi
191 1349 292 1392 versm
320 1328 400 1391 nullo
428 1329 512 1392 modo
540 1333 665 1413 possunt
691 1326 837 1414 adaptari:
880 1326 913 1390 in
939 1326 1012 1389 isis
1040 1333 1136 1390 autern
1162 1328 1273 1409 verbis,

101 1413 150 1478 uti
177 1412 316 1499 leguntur
348 1413 424 1501 apud
451 1411 663 1492 Scholiastam,
695 1432 834 1476 numerus
859 1347 988 1498 plurads·
1007 1431 1110 1498 parum
1137 1413 1275 1511 congruit

104 1518 171 1561 cum
192 1497 246 1578 iis,
268 1520 341 1583 quae
362 1498 590 1582 subsequuntur:
634 1490 703 1560 δύο
724 1496 948 1582 βαροδοιίμονες
969 1493 1086 1581 ἄνδρες.
1128 1495 1273 1581 Equidem

103 1582 194 1646 credo
221 1582 334 1646 librarii
360 1583 474 1646 oculum
507 1582 693 1646 aberravisse
724 1589 753 1645 et
779 1582 898 1646 diversa
931 1582 1098 1646 testimonia
1124 1581 1155 1644 in
1184 1604 1273 1647 unum

103 1678 216 1730 temere
238 1667 474 1754 conglutinasset
517 1674 586 1729 sunt
611 1674 708 1729 autom
736 1666 795 1729 alia
823 1687 936 1751 quoqne
956 1667 988 1730 in
1009 1668 1065 1730 hoc
1087 1664 1198 1730 scholio
1221 1666 1272 1730 ad-

102 1750 222 1816 modum
258 1752 437 1839 perturhata.
485 1748 564 1812 Mihi
594 1750 688 1834 igitur
720 1751 784 1812 veri
818 1750 995 1814 simillimum
1028 1751 1143 1814 videtur
1176 1752 1273 1815 Dioti·

101 1855 184 1900 mum
205 1836 284 1898 inter
306 1833 401 1898 Cerco
422 1853 455 1895 as
477 1833 614 1895 retulisse
641 1832 728 1896 Olum
755 1840 785 1895 et
813 1832 1011 1918 Eurybatum,
1046 1833 1199 1898 Cratinum
1222 1858 1273 1900 au·

100 1925 182 1998 tem,
205 1940 269 1982 cum
290 1919 381 1982 vellet
400 1855 533 1980 homines
555 1917 768 1998 fraudulentos,
789 1921 941 1997 versutos,
963 1917 1084 1981 fallaces
1106 1921 1273 2005 exagitare,

101 2009 244 2087 tanquam
267 2001 414 2090 Cercopas
437 2001 632 2090 appellauisse
655 1999 746 2064 Sillos
768 2008 798 2066 et
819 1999 988 2065 Triballos:
1018 2002 1190 2088 dixeratque
1212 2006 1274 2068 lor·

78 2093 186 2152 'tasse
217 2088 327 2159 Σιλλος
352 2111 384 2150 τε
410 2090 459 2150 καὶ
495 2084 670 2166 Tametra
695 2086 744 2149 vel
775 2087 850 2171 quod
876 2087 997 2174 propius
1019 2087 1105 2150 etiam
1128 2090 1164 2152 ab
1188 2089 1274 2153 scho-

101 2171 211 2237 liastae
240 2173 339 2235 verbis
370 2171 482 2235 recedit
509 2173 615 2234 Σίλλοι
643 2195 676 2234 τε
703 2173 752 2233 καὶ
784 2172 969 2255 Τριβαλλοιέ
1013 2195 1080 2237 nam
1102 2195 1273 2258 quamquam

104 2255 163 2320 duo
188 2256 358 2345 plerumque
384 2256 520 2320 feruntur
548 2254 713 2345 Cercopes,
755 2255 838 2321 licuit
868 2255 990 2322 Cratino
1012 2257 1112 2345 plures
1139 2260 1272 2347 fingeret

103 2348 192 2425 atque
224 2341 310 2405 etiam
342 2340 492 2428 Diodorus
518 2341 572 2409 lv.
598 2343 649 2406 31.
675 2342 775 2429 plures
802 2343 896 2406 luisse
917 2343 1068 2430 perhibet:
1113 2344 1196 2419 Τοὺς
1216 2345 1273 2424 μὲν

95 2423 164 2510 ,γὰρ
186 2422 427 2506 ὀνομαζομένους
448 2425 633 2507 Κέρκωπας,
669 2422 871 2511 λῃστεύοντας
897 2429 948 2490 καὶ
970 2425 1170 2491 collaboraret
1191 2431 1274 2515 διερ-

102 2510 304 2595 γαζομένους,
328 2506 380 2585 οὓς
400 2510 455 2590 μέν
481 2507 737 2587 dolaturam&
758 2513 792 2574 de*
813 2509 970 2594 ζωγρήσας
990 2514 1168 2590 δεδεμένους
1189 2538 1272 2598 παρ-

103 2595 197 2658 έδωκε
223 2599 261 2678 τῇ
285 2592 441 2680 Ὀμφάλῃ.
483 2593 554 2659 Silli
580 2603 674 2660 autem
703 2617 811 2660 nomen
837 2597 885 2682 qui
906 2604 1024 2685 praeter
1045 2595 1197 2662 Cratinum
1220 2601 1272 2664 tri·

103 2679 203 2743 buerit
225 2678 406 2768 Cercopibus
428 2680 498 2744 novi
518 2681 680 2762 neminem,
723 2681 777 2745 sed
808 2690 854 2745 est
878 2681 1000 2769 ingenio
1021 2682 1137 2746 illorum
1160 2705 1272 2749 accom-

102 2763 348 2829 modatissimum:
391 2764 528 2828 convenit
560 2758 666 2853 optime
705 2766 834 2843 alterum
861 2788 985 2848 nomen,
1028 2774 1060 2831 ut
1085 2767 1195 2842 Σιλλὸς
1226 2776 1273 2835 est

103 2853 254 2926 denter,
294 2850 336 2912 ita
359 2851 533 2935 Τρίβολλος
554 2871 666 2935 quoque
687 2851 772 2935 quasi
792 2852 973 2939 sycophanta
1004 2860 1033 2917 et
1053 2853 1201 2941 improbus
1224 2831 1292 2918 ca-l

100 2931 264 2998 lumniator
296 2934 384 2998 audit.
440 2933 588 3016 Triballi,
635 2956 711 3022 gens
743 2934 894 3001 Thraciae
929 2936 1020 3024 longe
1051 2938 1213 3003 fortissima
1242 2946 1272 3003 et

101 3017 291 3082 ferocissima
319 3019 392 3100 luit,
424 3018 477 3082 sed
504 3019 621 3101 eadem,
657 3026 688 3083 ut
715 3021 805 3085 ceteri
833 3019 983 3085 Thraciae
1004 3022 1120 3110 populi,
1154 3024 1220 3088 sera
1242 3029 1272 3087 et

101 3122 207 3191 parum
242 3103 406 3167 liberaliter
440 3103 565 3167 exculta.
625 3102 692 3168 Hos
724 3112 843 3193 propter
875 3106 1055 3198 importunos
1083 3113 1112 3170 et
1138 3107 1272 3173 incondi-

101 3193 150 3252 tos
187 3208 285 3252 mores
317 3210 406 3276 saepe
438 3188 540 3252 comici
566 3194 757 3270 notaverunt,
799 3198 832 3253 ut
858 3189 967 3256 Alexis
992 3192 1026 3256 in
1055 3189 1167 3256 Somno
1194 3191 1270 3283 apud

104 3268 216 3337 Athen.
236 3270 305 3339 XV.
326 3294 355 3360 p.
376 3273 450 3337 671.
462 3272 512 3335 D:

193 3353 273 3422 Οὐδ’
297 3359 329 3421 ἐν
353 3361 540 3464 Τριβαλλοῖς
560 3351 658 3421 ταῦτά
678 3355 708 3440 μ’
733 3357 815 3421 ἐστὶν
835 3353 962 3440 ἔννομα·
1017 3357 1020 3364 ’

193 3431 242 3506 Ob
263 3444 341 3526 φασὶ
361 3466 414 3504 τον
434 3436 554 3504 θύοντα
575 3447 640 3517 τοῖς
660 3440 852 3524 κεκλημένοις

188 3524 331 3600 Δείξαντ’
356 3528 430 3588 ἰδεῖν
450 3525 485 3588 τὸ
508 3527 640 3601 δεῖπνον,
668 3527 709 3601 εἷς
730 3525 785 3608 τὴν
806 3523 914 3610 αι’]’ριον

188 3611 312 3673 Πωλεῖν
333 3608 485 3685 ἀδείπνοις
506 3607 582 3689 ἅπερ
601 3609 686 3692 ἔθηκ’
707 3610 812 3686 αὐτοῖς
833 3614 917 3676 tuso.

101 3690 145 3758 Et
164 3691 383 3783 Aristophanes
404 3696 556 3759 ineximia
565 3697 618 3760 illa
629 3695 738 3760 Avium
750 3696 909 3777 comoedia,
929 3695 980 3759 ubi
990 3695 1217 3765 Atheniensium
1228 3700 1271 3766 le-

100 3779 223 3842 vitatem
244 3788 274 3843 et
295 3779 444 3844 audaciam
464 3780 496 3844 in
512 3780 697 3844 admittendis
713 3782 799 3845 novis
822 3781 878 3846 reli
902 3782 1032 3862 onihm,
1054 3785 1188 3851 barbaris
1210 3786 1271 3850 illis

102 3863 221 3948 quidem
232 3872 262 3928 et
272 3865 380 3946 foedis,
402 3865 546 3964 exagitat,
566 3865 733 3930 Triballum
744 3867 868 3951 aliquem
880 3804 968 3932 dirum
978 3868 1103 3932 inducit:
1125 3891 1193 3935 narn
1206 3893 1271 3936 cum

101 3946 282 4035 impietatem
302 3948 530 4014 Atheniensium
551 3950 631 4014 clara
652 3952 749 4034 aliqua
768 3952 899 4051 imagine
925 3951 1016 4017 vellet
1036 3962 1270 4042 repraesentare,

101 4030 145 4095 ita
159 4033 297 4115 instituit,
319 4035 394 4098 utin
406 4035 548 4099 nebulosa
558 4036 675 4100 civitate
687 4036 743 4099 diis
763 4038 908 4101 sacrificia
928 4037 1026 4102 omnia
1046 4039 1271 4126 praecluderen-

102 4122 163 4198 tur,
183 4118 225 4181 ita
246 4125 278 4182 ut
291 4117 415 4204 denique
431 4119 581 4207 diiinopia
596 4142 707 4184 summa
719 4123 852 4186 commoti
874 4122 902 4186 le
926 4130 989 4186 atos
1001 4124 1149 4187 mitterent
1170 4125 1205 4188 ad
1218 4124 1271 4189 Pi·
1307 4128 1309 4132 ’

99 4201 294 4287 ολλιολοοταιιιι
305 4203 482 4291 legaverunt
492 4214 587 4269 autem
602 4206 647 4269 illi
658 4206 837 4292 Neptunum,
849 4144 1028 4287 Triballum,
1039 4206 1209 4289 Herculem,
1222 4207 1271 4294 qui

105 4287 1226 4380 quamvisrepugnantcNeptuno,tandempacemeoncilianthacconditione,
1239 4299 1272 4357 ut
1316 4367 1317 4370 Ἴ
