2760 4792
130 242 197 314 122
508 242 914 315 COMMENTATIONES

214 417 306 503 Ζῷον
325 412 439 492 ἀποον,
461 410 649 501 ἀνάκανθον,
671 410 834 501 ἀνόστεον,
847 410 1093 499 ὀστρακόνωτον·

206 496 356 582 Ὄμματά
373 499 398 564 τ’
422 496 611 565 ἐκκύπτοντα
631 499 790 585 προμήκεα
811 501 1041 569 κείσκύπτοντα.

126 582 217 650 ridde
240 585 415 652 Ciceronem
436 584 570 651 Divinat.
595 584 721 670 11‚64:
763 584 833 669 „Ut
859 586 887 651 si
914 587 978 673 quis
1011 586 1141 651 medicus
1172 591 1297 672 aegroto

67 685 71 689 “
127 669 272 759 imperet,
295 677 331 770 ut
352 675 462 735 sumat:
547 756 554 770 .
808 755 816 770 ι
1092 755 1099 770 .
1305 702 1310 785 ·.

211 755 429 842 Termgeuam,
470 754 697 843 herbrgradam‚
740 753 951 855 domrportam,
992 776 1141 843 saugume
1173 774 1299 821 cassam

123 839 328 929 potiusquam
355 840 503 905 homiuum
525 862 606 906 more
627 840 775 905 cochleam
801 841 909 905 ducere.
957 839 1005 904 Ea
1037 862 1111 926 quae
1137 847 1308 926 sequuntur.

126 925 212 1074 till
225 923 419 1076 Cicil‘llll'
438 927 621 1075 {illidit
636 925 717 1074 llll
731 924 808 1074 ulli
824 924 1298 1077 ,ltrdtffiblhdd‘hll

62 1181 66 1186 ,
125 1059 227 1159 Antio,
240 1031 352 1159 aqhaec
371 1033 486 1184 produit
505 1033 629 1161 Eirene:
652 1095 750 1177 „Nam
771 1032 962 1159 Prlcuvianus'
978 1094 1144 1185 Amphioni
1220 1102 1223 1107 ’

211 1117 330 1255 duadru
352 1202 385 1244 es
407 1180 594 1267 tardigrada,
615 1180 760 1267 agrestis,
782 1180 918 1261 humilis,
941 1203 1058 1269 aspera,

210 1263 316 1365 Capite
332 1203 436 1345 larevi,
457 1265 573 1329 cervice
595 1265 743 1352 anguina,
766 1265 904 1353 adspectu
925 1265 1018 1348 truci,

206 1347 398 1431 Evrscerata,
418 1350 565 1429 inanima,
586 1372 651 1414 cum
672 1350 792 1414 animali
813 1372 903 1432 sono,

123 1453 189 1499 cum
210 1433 337 1498 dixisset
356 1434 526 1516 obscurius,
548 1441 607 1499 tum
628 1434 722 1499 Attici
741 1457 791 1499 res
813 1435 936 1500 ondeut:

207 1518 278 1584 Non
299 1519 509 1608 intelligimus,
529 1520 590 1583 nisi
611 1519 638 1584 si
659 1529 761 1636 aperte
782 1456 906 1585 dixeris.
1301 1570 1305 1579 .

121 1601 166 1668 At
185 1602 237 1667 ille
257 1625 316 1669 uno
336 1606 444 1686 verbo,
467 1604 612 1669 Testudo.
654 1607 724 1671 bon
744 1612 882 1692 potueras
909 1604 1003 1695 igitur
1022 1604 1079 1668 hoc
1100 1625 1119 1667 a
1138 1604 1297 1693 principio,

122 1686 292 1771 citharista,
313 1689 458 1755 diceret“
500 1689 663 1755 Pacuvium
684 1698 780 1754 autem
808 1697 939 1755 secutum
960 1710 1028 1754 esso
1048 1687 1202 1777 Euripidis
1222 1710 1306 1781 rog-.-

121 1774 270 1838 uomiuem
294 1774 425 1838 fabulam
451 1781 542 1839 testes
570 1776 643 1838 satis
670 1774 831 1862 locupletes
853 1776 1008 1857 evincunt,
1035 1775 1078 1839 ita
1097 1775 1163 1862 ipse
1186 1773 1306 1841 cioero.

122 1857 160 1922 de
179 1857 306 1923 Finibus
326 1857 353 1940 I,
373 1861 410 1924 2:
433 1858 506 1932 Quis
523 1867 581 1924 tam
602 1860 738 1924 inimicus
759 1881 854 1961 paene
876 1860 988 1925 nomini
1007 1858 1144 1924 Romano
1166 1865 1222 1941 est,
1244 1862 1295 1945 qui

121 1939 214 2009 Ennii
234 1942 373 2008 Medeam
400 1955 450 2008 aut
469 1945 629 2032 Antiopam
650 1945 774 2009 Pacuvii
802 1951 924 2033 spernat
951 1951 1001 2009 sut
1029 1945 1160 2026 reiioiat,
1184 1944 1238 2055 spui
1258 1964 1305 2011 se·

121 2027 227 2093 iisdem
253 2028 328 2093 Euri
348 2029 405 2094 idis
435 2030 545 2095 fabulis
573 2029 713 2094 delectari
746 2030 859 2094 dicat“
903 2037 934 2094 et
960 2030 1032 2094 ibid.
1065 2050 1156 2119 supra
1184 2030 1295 2096 dicero

121 2112 211 2177 tradit
230 2114 307 2177 banc
327 2051 457 2179 labulam
479 2115 698 2180 accuratissime
719 2135 892 2180 conversam
914 2135 995 2178 esse:
1024 2111 1087 2195 „Iu
1109 2114 1214 2198 quibus
1235 2114 1296 2180 hoc

120 2197 245 2287 primum
266 2205 328 2281 est,
348 2199 448 2285 inquo
470 2200 615 2280 admirer,
638 2221 690 2262 cur
710 2199 743 2265 iu
786 2198 951 2272 rarissimis
972 2198 1062 2263 rebus
1083 2219 1144 2261 uon
1166 2198 1302 2266 delectet·

78 2315 80 2325 Δ
121 2304 173 2347 eos
202 2283 314 2371 patrius
345 2305 460 2367 sermo,
494 2306 558 2347 cum
584 2283 674 2346 iidem
702 2221 830 2347 fabellas
857 2282 987 2346 Latinas
1019 2282 1056 2347 ad
1093 2283 1217 2349 verbum
1254 2284 1301 2351 do.

121 2365 245 2432 Graecis
272 2390 431 2458 expressas
465 2389 525 2433 uon
550 2367 637 2432 iuviti
663 2367 803 2454 legant.“
835 2368 894 2432 iam
920 2365 1003 2456 ipsas
1029 2367 1084 2433 has
1119 2369 1292 2455 tragoedias

117 2452 290 2518 nominatim
322 2453 458 2543 appellat.
505 2453 552 2517 lta
572 2473 608 2517 ue
635 2458 669 2516 ut
698 2451 775 2541 apud
800 2452 991 2554 Euripidem,
1023 2454 1068 2541 sic
1098 2452 1186 2517 etiam
1213 2450 1299 2543 apud.

118 2537 249 2602 Ennium
270 2539 380 2604 fratres
402 2539 536 2626 graviter
552 2473 593 2601 de
614 2537 741 2620 musica,
763 2537 800 2603 de
821 2538 981 2627 sapientia,
1004 2538 1041 2603 de
1060 2538 1170 2602 virtuto
1191 2536 1299 2627 disput·

118 2628 268 2705 taverant,
290 2622 398 2689 Cicero
425 2621 463 2687 ad
483 2621 668 2687 Herennium
690 2622 730 2687 ll.
752 2645 777 2687 c.
798 2625 856 2688 272
878 2621 969 2706 „hut
988 2629 1050 2687 tota
1071 2644 1161 2688 causa
1181 2631 1292 2689 mutata

117 2708 150 2772 iu
179 2708 267 2772 aliam
294 2729 412 2772 causam
439 2707 603 2773 derivetur:
631 2707 674 2773 uti
700 2708 777 2799 aud
804 2708 967 2775 Pacuvium
987 2704 1107 2777 Zethus.
1130 2728 1195 2772 cunr
1215 2707 1298 2774 Am.

117 2793 243 2897 phione,
264 2813 385 2892 quorum
407 2793 610 2856 controversia
631 2814 696 2858 cum
718 2728 754 2859 de
775 2795 888 2860 musica
906 2793 1027 2859 inducta
1048 2794 1102 2876 sit,
1129 2792 1176 2858 dis
1196 2794 1290 2860 uario

115 2901 149 3030 pn
162 2877 489 3029 mllinuwflwiwm
511 2877 686 3029 et·(lvirtut(r'pl
699 2879 1093 3029 utihtatgmmconpupratprtss
1114 2879 1152 3027 dte
1171 2814 1290 2980 luvent-

115 2985 188 3115 al·
202 3009 327 3112 ntra}
348 2983 549 3130 trado}
574 2984 663 3114 alla
684 2986 854 3115 sithi
874 2986 965 3113 fta?
980 2986 1133 3115 ilrinhl
1161 2983 1289 3115 th:

113 3134 206 3224 phion
227 3132 303 3221 apud
315 3131 505 3222 Euripidem,
526 3133 596 3198 item
618 3135 694 3235 apud
715 3135 893 3216 Pacuvium,
921 3134 970 3219 qui
989 3135 1155 3222 vituperata
1176 3134 1294 3205 musica:

113 3217 288 3307 sapientiam
308 3218 440 3284 laudat.“
482 3217 547 3293 Quo
572 3226 701 3307 pertinet
730 3219 805 3285 illud
830 3219 907 3305 quod
933 3224 980 3282 est
1004 3219 1080 3307 apud
1102 3218 1227 3284 eundem
1250 3218 1288 3284 de

113 3304 197 3371 Orat.
217 3302 242 3368 Ι.
264 3326 289 3369 c.
311 3307 367 3370 37:
394 3303 509 3385 Miror,
536 3326 589 3368 cur
609 3306 813 3394 philosophiae
838 3306 914 3368 sicut
934 3303 1048 3368 Zethus
1069 3303 1120 3368 ille
1139 3302 1288 3369 Pacuvia-

112 3411 171 3456 nus
191 3409 283 3478 prope
301 3389 410 3454 bellum
437 3389 621 3455 indixeris.“
651 3399 681 3455 ot
701 3392 739 3456 do
759 3389 886 3478 Repuhl.
907 3389 931 3453 1.
955 3389 1011 3454 18:
1040 3389 1169 3474 „Atque
1195 3388 1285 3471 idem,

112 3474 234 3541 multum
265 3475 344 3538 enim
374 3475 457 3539 illum
488 3475 641 3541 audiebam
673 3484 703 3540 et
728 3475 870 3555 libenter,
899 3473 1026 3538 Zethum
1052 3472 1135 3538 illum
1160 3473 1286 3539 Pacuuii

110 3559 201 3626 nimis
221 3558 370 3624 inimicum
398 3560 548 3625 doctrinae
576 3583 644 3639 esse
665 3560 815 3625 dicebat.“
858 3557 1060 3623 Pacuvianum
1085 3559 1169 3629 illum
1189 3560 1287 3624 vorsi-

111 3647 224 3726 culum,
250 3665 335 3730 quem
362 3643 469 3710 Cicero
495 3646 678 3735 potissimum
704 3643 861 3732 intelligit,
889 3645 1037 3726 servavit,
1063 3645 1184 3733 opinor,
1213 3641 1285 3710 Gel-

110 3731 169 3797 hus
189 3730 274 3794 Xlll.
295 3730 336 3795 8:
363 3730 438 3795 Item
458 3751 564 3797 versus
594 3731 692 3796 estin
712 3729 836 3795 eandem
857 3729 924 3793 fere
950 3729 1126 3795 sententiam
1146 3728 1283 3813 Pacuvii,

110 3835 196 3903 quem
212 3815 338 3881 Macedo
359 3816 550 3913 philosophus
571 3816 745 3897 virbonus,
765 3813 924 3880 familiaris
945 3836 1040 3899 meus,
1061 3814 1152 3880 scribi
1173 3815 1291 3881 debore·

109 3904 251 3968 censebat
270 3923 324 3991 pro
344 3902 458 3967 foribus
479 3902 608 3968 omnium
636 3901 823 3990 templorum:

194 3987 253 4052 0di
288 4007 347 4074 ego
377 3988 512 4053 homines
550 3987 663 4074 ignava
695 4008 786 4076 opera
835 3989 865 4050 et
929 3983 1086 4074 bilosopba
1123 3983 1281 4051 sententio.

108 4073 146 4139 In
173 4073 279 4138 andem
308 4074 484 4139 sententiam
513 4072 601 4139 etiam
628 4072 705 4161 apud
724 4070 898 4161 Euripidem
948 4070 1033 4137 ethus
1064 4068 1186 4137 disserit
1210 4068 1285 4137 vide

107 4159 163 4325 Fr,
182 4158 300 4331 ξάἀάῗ
320 4240 359 4329 ἀρ
381 4237 464 4317 ὅστις
484 4230 519 4304 εὖ
536 4239 607 4323 βίον
627 4238 807 4324 κεκτημένος

195 4327 247 4395 Tol
266 4267 323 4412 pudo
343 4324 409 4393 κατ’
432 4325 536 4403 οἴκους
556 4323 667 4416 ἀμελίᾳ
689 4328 796 4412 παρεὶς
816 4325 869 4418 ἐᾷ,
