2760 4792
104 232 168 297 260
485 218 888 292 COMMENTATIONES

105 394 183 487 apul
202 393 319 459 Atticos
344 391 443 459 littero
463 388 483 472 ὁ
503 391 651 459 mutabilis
673 410 740 456 esse
761 394 848 476 atque
877 388 972 454 locum
991 386 1025 452 in
1045 384 1197 453 nonnullis
1216 408 1268 454 uo-

105 479 218 545 cabulis
238 478 367 558 uariare,
388 483 419 540 at
438 472 593 561 βάρνακον
615 474 673 539 diei
693 495 754 539 non
772 474 877 575 potuit,
898 472 953 539 sed
973 477 1023 536 out
1042 466 1200 553 βράκανον
1219 480 1269 539 aul

104 561 260 649 βάρκανον
285 561 439 627 (licendum
465 560 531 625 fuit
571 558 715 624 Fortasse
736 580 822 647 ongo
849 557 930 623 illius
952 556 1088 621 adieetivi
1108 557 1269 647 repetenda

106 657 153 714 est
178 649 214 713 ab
244 648 368 712 obscuro
395 645 518 731 quodam
543 646 651 725 verbo,
685 646 768 709 cuius
794 642 962 708 memoriam
990 640 1071 706 solus
1096 639 1269 730 Hesychius

104 733 251 798 servavit:
283 736 423 812 βρακεῖν’
456 728 588 794 συνιέναι
617 736 647 793 et
672 730 813 813 βρακείς·
846 728 955 802 συνείς.
997 723 1140 826 Suspicor
1170 732 1269 793 men

104 826 219 907 poetam
230 815 358 880 dixisse:
380 810 669 898 Δυακάρβανος.
690 809 843 894 κάρβανος
855 814 1030 875 barbaram
1043 810 1207 899 significat,
1226 812 1269 877 uti

105 910 151 966 est
171 899 247 1047 agol
268 899 451 1010 Aeschylum
471 901 504 963 in
524 898 748 985 Agamemnone
768 918 797 961 v.
820 898 918 963 1028:
1203 923 1208 931 ·

216 982 235 1047 b
259 982 289 1046 δ’
313 983 380 1047 άντι
402 988 506 1068 φωνῆς
526 980 621 1068 φράζε
647 977 791 1066 καρβάνῳ
810 983 887 1067 χερί.

104 1068 235 1159 Supplic.
255 1089 284 1131 v.
307 1068 383 1133 138:
410 1065 574 1152 Κάρβανον
596 1064 695 1129 αιἰιλολν
716 1072 746 1131 ct
766 1066 836 1130 ibid.
857 1086 887 1131 v.
907 1065 985 1131 911:

180 1151 306 1234 Ἕλλησι
328 1151 359 1214 δ’
383 1148 425 1214 ὢν
446 1149 599 1231 κάρβανος
621 1152 743 1234 ἐγχλίεις
763 1148 851 1234 ἄγαν.

103 1240 201 1323 itaque
228 1233 440 1320 δυσκάρβανος
469 1235 685 1323 significaverit
710 1234 758 1317 id,
785 1235 861 1320 qnod
888 1254 981 1320 aegre
1005 1231 1136 1383 intelligi
1162 1236 1270 1321 potest.

101 1360 145 1373 -
176 1320 356 1385 Insolentem
383 1320 506 1383 sormam
534 1316 706 1405 κεράμειον,
734 1341 818 1405 quam
845 1318 958 1382 Pollux
982 1316 1052 1386 vll.
1076 1317 1093 1381 1
1118 1317 1137 1381 l
1165 1316 1270 1383 affert:

102 1402 276 1491 Κεράμειον
302 1403 423 1488 οἰνηρὸν
444 1399 612 1489 Ἡρόδοτος
638 1406 689 1467 καὶ
716 1407 871 1488 Κρατῖνος
898 1403 979 1467 ocius
1007 1401 1085 1467 corrl
1107 1422 1159 1485 as,
1201 1421 1270 1469 noun

103 1486 281 1574 κεράμιον
301 1489 412 1575 legitur
429 1489 516 1552 etiam
535 1488 610 1577 apud
628 1488 811 1554 Herodotum
832 1488 886 1552 ΠΙ.
899 1488 970 1552 ab:
992 1489 1058 1552 Kal
1072 1484 1107 1548 ‘a
1122 1480 1271 1637 κιρρμιον

103 1572 226 1659 οἰνηρὸν
247 1571 374 1658 ἀριθμῷ
396 1574 529 1654 κείμενον
551 1573 607 1639 οόκ
628 1570 710 1637 ἔστιν
731 1571 773 1649 ὡς
794 1569 874 1655 λόγον
889 1574 980 1635 εἰπεῖν
999 1570 1134 1636 ἰδέσθαι.
1202 1578 1271 1637 nin

76 1652 81 1661 '
103 1659 140 1723 ab
161 1658 310 1723 hominum
332 1656 480 1722 doctorum
502 1656 730 1723 dubitationibus
752 1636 968 1722 defendendum
984 1656 1112 1739 videtur,
1150 1654 1211 1721 uod
1224 1660 1272 1723 cst

103 1743 180 1831 apud
200 1742 402 1888 Hesychium:
430 1740 586 1819 Διαλαός·
614 1742 720 1824 οἱμὲν
741 1743 929 1820 ἰπιμυλίιλιον
951 1742 1099 1821 δαίμονα·
1204 1765 1215 1802 ι
1235 1740 1271 1805 δί

102 1829 229 1902 παιδιᾶς
250 1828 343 1903 εδος,
373 1827 405 1889 ἓν
424 1817 445 1913 ᾖ
467 1826 640 1911 διαλίγουσι
666 1828 723 1902 τοίς
743 1825 886 1909 ψήφους·
916 1822 1060 1905 βούλεται
1080 1824 1116 1889 δὲ
1135 1820 1269 1911 λέγεινὸ

101 1914 257 1997 Κρατῖνος
284 1910 340 1976 τὸν
367 1908 496 1992 ἔσχατον
522 1918 585 1976 τῶν
605 1917 735 1996 πορνῶν.
763 1911 884 1978 difficile
911 1931 984 1974 sano
1008 1909 1083 1975 hacc
1109 1910 1269 1999 expedias·

102 2005 133 2061 ct
153 1997 286 2061 homines
309 1996 387 2059 docti
414 2003 464 2060 ant
485 1998 617 2071 διάλωος
643 2002 693 2059 ant
715 1997 869 2069 διαλῶπος
889 1993 1089 2083 reponendum
1110 2014 1181 2061 osso
1201 2016 1271 2061 cen-

102 2088 179 2163 sent,
201 2081 336 2165 quoniam
358 2080 417 2143 tale
428 2081 497 2164 qnid
518 2080 681 2143 litterarum
696 2080 768 2143 orolo
788 2079 926 2166 flagitare
948 2078 1077 2144 violetur:
1098 2079 1155 2145 scd
1173 2078 1271 2145 fallax

101 2165 176 2229 haec
197 2164 313 2250 quidem
340 2165 414 2227 ratio
444 2172 474 2228 et
494 2165 622 2227 incerta:
653 2185 691 2226 no
711 2186 749 2226 ue
769 2164 984 2251 probaverunt,
1009 2164 1067 2228 ista
1086 2164 1180 2229 verba
1200 2164 1271 2251 quill

102 2250 273 2337 significent
300 2253 350 2310 aut
375 2247 454 2311 unde
476 2247 665 2311 deducantur.
693 2184 800 2311 llabet
820 2255 915 2312 autem
938 2269 1010 2313 sane
1035 2247 1109 2315 illud
1129 2246 1270 2333 διόλαος,

102 2354 157 2419 quo
179 2354 213 2396 se
234 2338 365 2395 tueatur:
392 2331 523 2396 eiusdem
550 2333 628 2395 enim
655 2332 782 2419 originis
808 2331 924 2397 videtur
950 2354 1034 2415 esse,
1060 2332 1170 2419 qnodl
1211 2334 1271 2399 'bur

102 2416 178 2506 apuu
209 2415 413 2501 Hesychium:
455 2412 604 2479 Λάοται·
639 2413 758 2498 πόρνοι.
801 2437 935 2502 quocum·
954 2438 1110 2506 componun
1141 2417 1185 2483 ibi
1205 2440 1269 2485 em:

101 2496 256 2576 Λαοιτός·
278 2502 412 2577 κίναιδος
432 2498 451 2582 ἢ
468 2500 584 2576 λεσιτός
607 2500 755 2584 (corriffas
777 2499 969 2577 λαισιτός,
991 2522 1161 2589 quamquam
1181 2524 1270 2593 proo-

102 2591 162 2649 εἰσί
181 2586 286 2674 opinor
311 2585 460 2661 λασπὸς
487 2593 516 2650 ot
542 2553 719 2671 iaounbgl
740 2581 847 2671 πόρνη.
875 2586 983 2651 etalio
1011 2587 1075 2652 loco
1094 2587 1270 2665 Λαίοιτος·

102 2671 252 2746 κίναιδος,
279 2665 386 2751 πόρνη.
429 2669 542 2733 Eodem
568 2673 696 2759 pertinet
715 2667 921 2757 Λάσταυρος,
949 2678 982 2735 ut
1001 2678 1048 2736 cst
1067 2671 1144 2761 apud
1165 2670 1270 2761 Hesy-

102 2755 197 2819 chium
207 2748 410 2836 Λάσταυροι·
432 2754 461 2817 oi
483 2756 549 2838 περὶ
570 2754 623 2816 τὸν
644 2753 736 2837 όρρον
755 2757 857 2832 δασεῖς
878 2758 928 2819 καί
949 2751 1055 2840 πόρνοι
1077 2755 1155 2833 τινές
1174 2754 1269 2835 ὄντες.

102 2840 141 2905 cf.
161 2838 287 2901 Pbotius
314 2860 343 2926 p.
364 2838 446 2920 209,
467 2840 519 2903 ²1.
561 2838 630 2904 Huc
656 2841 731 2905 adda
753 2841 829 2925 quod
854 2841 966 2928 legitur
985 2840 1061 2931 apud
1082 2840 1270 2928 Hesycbium

102 2925 243 2997 Λαΐπος·
264 2924 428 2999 Κίναιιίος,
449 2919 630 3006 λάσταυρος.
653 2930 683 2989 ct
702 2923 930 3003 Λαισκάπραν·
951 2921 1094 3010 λαμόραν
1114 2921 1270 3011 (λάγνην).

102 3006 144 3071 Et
178 3008 271 3095 turpis
304 3007 377 3071 baec
408 3009 587 3093 significatio
619 3010 698 3073 inest
731 3010 818 3075 etiam
853 3011 884 3074 in
917 3012 1094 3086 Λαίοπαιςι
1124 3008 1270 3091 βοάσαις.

102 3091 283 3169 Λευκάδιοι,
304 3093 347 3155 uti
359 3091 531 3178 Hesychius
545 3094 646 3158 eodem
658 3094 741 3173 loco;
762 3096 832 3159 item
844 3095 917 3160 alio:
939 3092 1104 3171 Λαόπσις·
1124 3093 1269 3176 βοάσαις.

103 3177 178 3261 quod
210 3176 331 3265 propius
359 3177 447 3240 etiam
477 3178 512 3241 all
545 3177 617 3242 illud
651 3177 777 3254 διάλαος
803 3180 922 3247 accedit.
966 3178 1137 3247 Communis
1163 3180 1269 3247 borum

102 3261 295 3345 similiumque
322 3263 478 3327 verborum
504 3264 589 3354 origo
618 3270 664 3327 est
691 3284 764 3345 vox,
792 3286 866 3350 quae
893 3286 1034 3331 summam
1060 3264 1270 3355 turpitudinem

102 3352 194 3426 notat,
213 3350 252 3408 A
257 3346 309 3423 αἰ,
330 3346 400 3410 binc
421 3345 608 3432 Hesychius:
629 3349 719 3410 Λαί·
741 3351 789 3412 lul
811 3354 865 3430 τῆς
886 3350 1112 3435 αἰσχρουργίας.
1144 3350 1270 3417 Praete-

102 3449 155 3494 reo
182 3430 256 3494 alia:
299 3452 388 3495 unum
414 3432 470 3494 boc
498 3432 573 3495 aulolo
607 3432 642 3495 all
670 3432 792 3497 eauudem
819 3454 950 3499 normam
984 3456 1049 3499 cum
1075 3434 1269 3523 ambignitate

103 3512 225 3599 quadam
253 3513 368 3578 dixisse
389 3514 600 3603 Alciphronem
626 3515 681 3580 Ill.
702 3518 759 3583 63:
796 3514 856 3582 Οἷα
871 3515 1070 3601 βουλεύονται
1091 3521 1142 3584 ιιαλ
1163 3521 1270 3585 διανο-

103 3603 208 3662 οῦνται
240 3598 269 3661 oi
295 3604 381 3674 θεοῖς
411 3602 519 3685 ἐχθροὶ
547 3597 788 3684 Λαιστράγονες.
820 3603 869 3667 vol
902 3604 999 3691 potius
1027 3600 1270 3689 Λαιστρυγόνες.

102 3682 235 3748 Ludicre
256 3683 335 3746 onim
357 3685 393 3747 ab
415 3684 467 3748 illo
489 3685 542 3748 λαί
562 3685 610 3749 vel
632 3688 699 3761 λαίς
709 3694 739 3751 et
749 3684 878 3770 τρυγών,
918 3689 974 3753 uod
996 3689 1167 3755 vocabulum
1181 3690 1270 3755 etium

104 3766 175 3831 alibi
195 3768 228 3833 in
249 3768 406 3831 obscenam
428 3776 603 3834 sententiam
619 3771 793 3836 declinatum
806 3780 862 3854 est,
882 3709 1026 3862 ullciphro
1037 3770 1271 3857 Λαιστρυγόνες

104 3852 180 3917 dixit
200 3850 238 3916 ad
259 3852 477 3918 similitudinem
505 3854 659 3920 fabulosae
679 3856 761 3922 illius
783 3858 898 3944 gentis,
925 3878 1000 3942 quae
1022 3857 1146 3924 Homeri
1165 3858 1272 3925 carmi·

103 3937 191 4001 nibus
212 3936 446 4002 nobilitata-est:
475 3952 592 4003 secunus
614 3948 710 4005 autem
732 3947 778 4007 ost
797 3941 866 4024 ille,
889 3943 1009 4043 opinor,
1030 3950 1063 4008 ot
1083 3942 1158 4009 alias
1179 3964 1271 4035 saepo

104 4042 237 4101 numero,
259 4030 406 4087 auctorem
428 4024 529 4089 nescio
551 4046 634 4109 quem
647 4026 766 4092 Atticae
788 4026 964 4092 comoediae.

188 4106 260 4170 Alia
279 4126 352 4171 vero
372 4110 518 4194 permulta
540 4109 680 4175 Cratinus
702 4132 762 4174 non
783 4112 848 4200 ipse
869 4111 957 4175 tinxit
982 4112 1190 4197 autumavit,
1215 4112 1271 4179 seul

104 4212 169 4255 cnm
191 4191 280 4255 molto
305 4192 407 4279 lepore
433 4202 464 4258 et
483 4194 599 4259 facetiis
625 4196 788 4278 transtulit,
818 4218 857 4259 ex
877 4215 934 4282 quo
955 4217 1077 4263 numero
1104 4205 1166 4281 est,
1192 4198 1270 4285 quod

105 4274 352 4363 EtymolMagn.
373 4278 491 4370 alos,
505 4277 547 4346 41
570 4300 610 4350 ex
630 4282 685 4345 boc
699 4288 785 4369 poeta
806 4280 907 4347 affert:
925 4279 1148 4368 Ἐρειίνδο·
1170 4280 1270 4367 ὄνομα
