2768 4770
312 227 372 302 DE
392 234 535 312 numo.
556 234 744 305 COMOED.
763 237 870 308 ΔΤΤ.
889 239 1035 318 uitulo.
1196 245 1261 313 275

89 400 205 488 ὄχλους
225 392 301 488 ᾖδον
322 397 500 485 ὀρχούμενοι
521 404 572 466 καὶ
593 397 756 493 ἐπᾴδοντες
776 399 818 481 ὥς
839 403 884 489 εἴη
904 403 999 486 μίνος
1018 404 1092 484 θεὸς
1111 404 1259 492 ἀληθινός

89 495 157 555 ιιτλ.
180 489 275 577 ipsum
293 509 364 552 vero
385 488 605 576 ithyphallicnm
628 511 746 553 carmen
760 489 934 555 Athenaeus
954 492 1063 557 ibidem
1084 514 1124 558 ex
1134 493 1259 561 Doridis

89 573 189 642 Samii
218 573 343 637 historia
369 575 543 660 exscripsit,
576 574 623 658 qui
654 574 769 657 quidem
795 581 828 638 nt
858 577 980 640 ccniicio
1008 577 1064 641 hoc
1094 599 1213 644 carmen
1240 603 1259 644 a

87 658 188 725 fratre
197 657 324 744 Lynceo
337 679 390 745 per
405 658 519 722 litteras
531 658 652 744 accepit,
665 658 724 721 vid.
736 657 882 746 Harpocr.
916 663 1073 742 ‚rodet-z
1094 661 1150 726 hoc
1162 669 1257 729 autem

88 764 212 809 carmen
233 742 289 806 etsi
312 750 464 806 externam
493 764 507 806 s
529 743 619 806 eciem
640 747 670 805 et
690 743 814 807 sormam
836 682 1026 832 phallicarnm
1048 746 1258 813 cantilenarum

88 827 203 907 refert,
230 833 328 890 tamen
356 827 474 890 multum
496 764 532 890 als
560 826 621 890 illis
643 825 760 908 differt,
786 849 880 912 neque
906 830 984 893 enim
1010 831 1138 915 hymnus
1159 833 1257 896 estin

88 910 204 978 Bacchi
231 913 389 987 honorem,
432 911 483 975 sed
510 911 697 997 praeconium
723 911 887 993 Demetrii,
930 914 1070 997 quicum
1099 914 1172 979 isis
1200 916 1257 982 diis

89 997 284 1084 componitur.
326 993 449 1060 Serinra
475 996 548 1058 haec
575 1002 707 1083 tempora
733 1017 842 1080 suaque
870 1018 930 1061 non
954 998 1072 1082 antiqua
1092 937 1144 1063 illa
1165 1002 1257 1064 mani-

87 1080 168 1147 festo
190 1082 323 1168 respexit
343 1078 449 1143 Semus
466 1078 584 1161 Delios,
606 1080 706 1164 quiin
727 1080 804 1144 libro
826 1081 862 1145 de
882 1083 1043 1168 paeanihus
1065 1091 1199 1148 accurate
1220 1084 1257 1150 de

87 1164 260 1229 discrimine
287 1166 328 1228 ith
353 1164 515 1252 phallorum
542 1169 572 1226 et
618 1163 695 1229 hallo
715 1165 852 1229 herorum
885 1166 1039 1247 disseruit,
1065 1168 1124 1232 vid.
1145 1167 1256 1233 Athen.

88 1247 175 1349 ΧΠ.
196 1271 225 1338 p.
246 1250 309 1314 622
330 1186 357 1312 h
380 1269 460 1347 seqq.
481 1268 575 1332 neque
595 1185 634 1312 de
661 1186 725 1313 solo
753 1249 830 1313 cultn
858 1259 1037 1335 externoque
1058 1250 1175 1334 hahitn,
1202 1253 1256 1318 sed

89 1340 179 1399 otram
208 1334 244 1397 de
272 1333 427 1397 cantilenis
455 1341 491 1401 et,
509 1333 714 1397 saltationibus
740 1335 878 1421 exponit,
911 1335 1022 1399 addens
1048 1336 1256 1424 phallophorus

89 1436 177 1503 quem
193 1418 305 1482 vellent
325 1418 446 1482 ludicris
468 1418 553 1481 dictis
574 1419 748 1482 vexavisse:
771 1419 823 1482 sed
845 1420 918 1483 haec
938 1441 1000 1483 cum
1023 1441 1062 1482 ex
1082 1422 1256 1486 recentioris

89 1503 231 1604 temporis
253 1502 462 1567 consuetudine
484 1502 545 1566 sint
564 1503 736 1602 repetenda,
757 1524 937 1588 nequaquam
959 1506 1165 1590 repugnantei
1187 1527 1256 1570 sen-

88 1593 218 1668 tentiae,
246 1608 330 1673 quam
359 1608 448 1674 supra
475 1606 629 1673 proposui,
671 1587 739 1650 olim
760 1587 904 1674 phallicas
932 1589 1094 1652 cantilenas
1122 1589 1255 1654 diversas

87 1670 185 1736 fnisse
207 1671 243 1735 ah
264 1671 448 1757 singulorum
468 1671 615 1733 hominum
637 1670 832 1735 vellicatione.
876 1671 961 1734 Haec
980 1672 1073 1757 igitur
1093 1673 1150 1737 duo
1171 1674 1256 1738 insti-

87 1761 170 1837 tuta,
195 1755 321 1843 phallica
341 1755 472 1818 carmina
493 1759 523 1817 et
543 1752 665 1817 servilia
686 1753 824 1834 dicteria,
850 1754 1031 1818 incrementa
1051 1757 1189 1839 suerunt,
1216 1780 1255 1822 ex

88 1840 195 1988 euplum
217 1840 365 1904 comoedia
392 1839 469 1927 apud
491 1836 620 1904 Graecos
648 1845 695 1901 est
724 1844 887 1926 propagata
913 1837 1044 1923 altasque
1066 1839 1171 1904 deinde
1192 1844 1255 1931 egit

88 1944 124 1989 ra
144 1945 217 1988 mes.

173 2004 309 2071 Fuerunt
335 2011 431 2070 antem
461 2005 519 2069 iam
547 2011 616 2068 ante
640 2004 789 2092 principes
818 2004 946 2069 comicae
979 2004 1077 2094 poesis
1109 2012 1253 2090 auctores,

87 2093 140 2178 qni
160 2093 246 2157 rudia
271 2091 324 2156 illa
350 2102 380 2155 et
401 2089 524 2154 abiecta¹
539 2089 624 2153 initia
651 2089 689 2152 ad
716 2089 788 2152 artis
815 2089 939 2173 aliquam
965 2091 1089 2154 lormam
1106 2092 1254 2180 redigere

87 2176 252 2258 studerent,
272 2177 315 2239 ita
336 2182 367 2238 ut
387 2196 461 2260 quae
483 2180 550 2238 ante
572 2174 667 2238 suhito
689 2181 720 2236 et
735 2173 922 2238 tumultuaris
937 2194 1028 2262 opera
1047 2175 1133 2241 lundi
1154 2184 1255 2241 essent

87 2261 189 2341 solitu,
213 2283 249 2325 ea
268 2261 405 2324 versihus
427 2279 488 2323 cum
509 2258 721 2323 rehenderent:
744 2279 914 2343 quamquam
936 2281 975 2323 ne
996 2260 1163 2343 sicquidem
1183 2282 1254 2363 poe·

87 2344 133 2411 sis
154 2344 207 2409 illa
227 2345 359 2409 vocanda
380 2350 435 2408 est.
497 2344 553 2408 ecit
574 2351 668 2406 autem
689 2342 746 2405 hoc
766 2343 877 2429 primus
900 2343 976 2430 apud
998 2343 1114 2408 Siculos
1136 2344 1253 2411 Aristo·

85 2448 187 2495 xenos
208 2428 408 2509 Selinuntius,
435 2428 495 2492 vid.
517 2427 680 2534 Hephaest.
693 2448 729 2572 p.
750 2427 808 2490 45:
845 2424 1050 2510 Ἀριστόξενος
1071 2426 1102 2490 d’
1127 2426 1144 2492 ὃ
1165 2433 1253 2493 Σελι-

85 2511 226 2589 νούντιος
247 2509 438 2596 Ἐπιχάρμου
464 2516 667 2592 πρεσβυτερος
709 2508 807 2592 ytres
835 2508 976 2595 ποιητής,
1020 2501 1058 2575 οὗ
1084 2514 1135 2578 καί
1161 2513 1253 2591 αὐτὸς

84 2596 273 2680 Ἐπίχαρμος
291 2592 471 2678 μνημονεύει
492 2599 524 2659 dr
539 2591 638 2680 Λόγῳ
660 2596 711 2657 καὶ
732 2594 870 2683 Λογίνηι·
1364 2595 1367 2600 ’

166 2681 215 2746 Ἢ
231 2682 304 2757 τοὺς
328 2681 460 2762 ἰάμβους
485 2679 596 2742 uusado
621 2676 749 2762 ἀρχαῖον
775 2676 900 2764 τρόπον,

167 2764 226 2832 Ὃν
246 2771 362 2852 πρᾶτος
383 2762 566 2848 είοαγνῖσαθ’
586 2760 805 2846 Ὡριοτόξινος.

84 2854 139 2917 nol
167 2847 278 2915 τούτου
303 2852 404 2916 τοίνυν
428 2855 484 2915 τοῦ
506 2848 715 2934 Ἀριστοξένου
740 2840 963 2932 μνημονειίεταί
985 2868 1053 2912 τινα
1079 2840 1180 2935 sedorp
1207 2855 1251 2936 τῷ
1275 2847 1311 2931 J.

84 2938 191 3023 μέτρῳ
211 2935 420 3020 γεγραμμίνα·

176 3024 232 3095 Τίς
247 3021 409 3097 ἀλαζονίαν
429 3018 572 3082 πλείσταν
592 3015 715 3098 ταρίχει
734 3019 797 3080 τῶν
818 3009 1011 3099 ἄνθρῶττωνς
1029 3016 1077 3078 sol
1097 3011 1230 3094 μάντεις.

84 3104 145 3176 Vel
168 3125 207 3169 ex
226 3105 282 3169 hoc
301 3126 391 3168 versu
411 3123 566 3202 possumus
588 3100 746 3189 colligere,
774 3098 875 3184 quales
895 3099 1008 3162 fuerint
1025 3097 1112 3162 istius
1133 3097 1252 3164 Aristo·

84 3191 159 3257 xeni
188 3188 251 3254 sire
280 3189 368 3252 iambi
396 3209 460 3252 sive
487 3187 653 3251 comoediae
673 3183 824 3249 vocandae
845 3188 929 3248 snntz
961 3182 1098 3247 ridentur
1118 3183 1196 3246 onim
1217 3184 1250 3248 in

84 3274 193 3343 Sicilia
218 3273 385 3338 comoediae
411 3273 592 3336 incrementa
619 3270 707 3358 plane
737 3267 839 3332 eadem
871 3266 980 3347 fnisse,
1024 3265 1155 3350 quaein
1185 3266 1252 3356 ipsa

84 3358 226 3438 Graecia,
247 3359 286 3422 cf.
307 3356 461 3422 Aristotel.
484 3378 509 3420 o.
521 3358 557 3419 3:
581 3359 647 3438 Τῆς
667 3353 724 3434 μέν
743 3352 906 3438 κωμῳδίας
928 3349 957 3413 οἱ
977 3352 1134 3435 Μεγαρεῖς
1155 3349 1251 3434 (ἀντι-

84 3444 259 3526 ποιοῦνται)
288 3442 319 3505 o‘a'
343 3467 374 3506 τε
404 3443 541 3504 ἐνταῦθα
573 3435 614 3515 ὡς
642 3439 689 3502 lut
720 3443 776 3519 τῆς
808 3432 885 3546 nop'
909 3433 1014 3508 αὐτοῖς
1042 3436 1252 3520 δημοκρατίας

84 3527 245 3615 γενομένης
266 3528 316 3589 καί
339 3527 367 3591 οἳ
388 3527 421 3588 ἐκ
434 3526 583 3599 Σικελίας,
603 3525 718 3588 ἐκεῖθεν
737 3522 796 3605 γὰρ
817 3515 855 3602 ἦν
872 3520 1053 3602 Επίχαρμος
1075 3514 1091 3582 ὁ
1113 3518 1250 3604 ποιητής,

84 3616 191 3697 πολλῷ
218 3608 364 3692 πρότερος
390 3607 433 3674 ὢν
453 3610 608 3672 Χιωνίδου
630 3611 679 3671 καὶ
701 3604 880 3690 Μάγνητος.
921 3602 1012 3691 Apud
1036 3603 1153 3669 Atticos
1177 3626 1250 3670 vero

84 3696 229 3777 Susario,
250 3694 382 3782 Myllus,
405 3694 583 3775 Chionides,
602 3693 819 3781 Ecphantides,
840 3689 891 3755 alii
913 3687 1090 3754 comoediam
1112 3689 1250 3773 quodem·

84 3782 172 3849 modo
198 3781 451 3860 instauraverunt,
483 3800 547 3842 cnm
567 3777 636 3842 inde
658 3779 694 3841 ah
717 3799 752 3842 eo
773 3783 904 3864 tempore
925 3773 1047 3838 dicteria
1071 3793 1132 3837 non
1153 3774 1249 3838 subito
1290 3832 1296 3843 ,

84 3865 291 3946 tunderentur,
313 3865 365 3929 sed
386 3863 595 3952 praemeditata
616 3869 718 3926 essent
738 3869 768 3926 et
788 3880 859 3925 veru
881 3859 968 3924 etiam
988 3857 1121 3922 numeris
1140 3857 1249 3924 vincta.

84 3951 266 4035 Quamquam
287 3958 382 4013 summ
407 3947 477 4012 illae
499 3947 665 4011 comoediae
685 3946 721 4010 ad
744 3946 817 4009 artis
838 3944 964 4029 aliquam
984 3942 1108 4007 formam
1129 3941 1251 4007 accede-
1351 3988 1355 3999 .

84 4037 173 4116 hant,
193 4055 253 4098 non
275 4040 372 4097 tamen
394 4054 464 4096 vere
485 4032 616 4096 dramata
636 4029 768 4094 vocanda
789 4036 877 4110 snnt,
899 4049 963 4092 cnm
984 4026 1065 4091 hnmi
1085 4038 1249 4114 serperent,

85 4127 116 4185 et
135 4126 311 4207 argumenta
333 4125 432 4181 essent
453 4117 561 4197 exilia,
581 4115 753 4195 leviuscula,
774 4114 899 4194 abiecta,
920 4132 994 4197 quse
1015 4118 1074 4176 tarn
1094 4119 1249 4176 venustate

103 4226 169 4270 nam
249 4203 339 4266 vitate
359 4210 503 4266 carerent
528 4201 631 4286 ltaque
651 4199 716 4265 inre
736 4198 764 4264 E
783 4199 930 4264 icharmus
950 4196 1062 4297 primus
1083 4195 1249 4261 comoediae

84 4224 182 4355 laben
204 4307 239 4352 ns
260 4293 308 4351 est
328 4295 444 4366 auctor,
470 4307 534 4351 cnm
562 4284 674 4375 primns
698 4306 736 4373 pe
765 4289 859 4351 estem
884 4300 984 4370 poesis
1009 4278 1138 4369 speciem
1164 4280 1249 4344 exhi·

982 4381 1051 4448 lo·
