2760 4792
344 201 403 270 un
423 201 566 280 asmo
587 200 776 271 corrono.
794 202 902 272 aur.
921 203 1068 282 anne.
1219 206 1285 293 aaa

122 377 306 460 acceperant,
326 377 386 436 tam
406 371 500 437 libere
521 377 551 435 et
569 371 728 459 ingeniose
748 370 1021 455 conformaverunt,
1042 380 1075 439 ot
1094 373 1231 461 quidquid
1251 377 1284 443 in

120 456 159 521 iis
180 456 395 521 admirarentur
415 463 445 520 et
465 477 565 521 amore
585 455 861 545 complecterentur,
888 456 920 521 id
941 479 960 522 a
980 478 1013 522 ae
1032 459 1197 548 profectum
1216 483 1285 528 osee

121 561 176 606 auo
202 541 267 605 iure
294 547 420 628 possent
442 540 629 606 contendere.
670 541 716 607 lta
735 563 772 606 ue
804 541 892 606 etiarn
916 543 1030 642 patria,
1063 544 1145 609 cuius
1171 566 1284 613 summo

120 645 221 690 arnore
250 626 362 711 antiqui
388 625 592 691 Athenienses
621 624 643 690 fl
702 561 807 707 chent,
832 645 970 714 proprra,
1001 629 1129 695 maiores
1155 629 1188 694 in
1217 630 1284 720 ipso

118 709 185 777 eolo
209 710 274 775 nati
309 731 377 777 esse
402 708 592 792 ridebantur,
634 711 667 774 ni
689 711 766 796 'que
798 710 895 797 magis
926 732 1012 797 quam
1040 713 1116 778 haec
1145 715 1284 814 cogitatio

119 795 233 860 animos
274 792 312 860 ad
341 795 497 861 honestam
527 795 696 884 superbiam
731 802 761 859 et
797 795 942 860 libertatis
981 797 1107 863 studium
1141 799 1285 866 incitavit.

117 877 402 945 Luculentissimuru
423 880 587 968 exemplum
613 879 736 969 praebet
755 879 908 968 Euripidis
928 879 1131 965 Erechtheus,
1159 884 1285 953 horest

117 984 157 1029 ea
179 963 297 1046 fabula,
323 964 436 1050 inqua
460 986 622 1052 germanae
647 964 749 1054 stirpis
775 973 924 1029 certamen
950 988 1015 1031 oum
1043 967 1210 1034 adventicia
1229 971 1284 1036 sub

116 1068 152 1119 αι
209 1055 273 1115 ectu
285 1048 457 1115 roboratum
478 1055 534 1132 est,
557 1070 630 1135 quae
651 1048 808 1136 tragoedia
827 1049 856 1114 si
875 1051 1284 1138 integraessetconservata,

114 1154 153 1197 ιιι
172 1133 339 1198 carissima
357 1133 423 1199 luce
462 1134 540 1200 osita
559 1142 640 1200 esset
659 1135 718 1199 ista
738 1154 824 1219 quarn
845 1133 1141 1205 dixiAtbeniensium
1160 1145 1283 1206 natura:

113 1217 171 1283 sed
180 1217 230 1289 rel
238 1219 271 1283 in
281 1219 401 1306 exiguis
411 1155 543 1305 rehquiis
556 1219 714 1285 manifesta
725 1219 813 1283 huius
825 1219 870 1284 rei
883 1219 1128 1309 deprehendimus
1143 1224 1219 1289 vesti
1244 1225 1251 1239 ⁸

113 1301 233 1368 uticum
253 1310 348 1368 mater
368 1325 517 1392 generosa
526 1326 626 1369 secum
645 1304 760 1394 patriae
774 1303 967 1376 calamitatem
986 1313 1104 1399 reputat
1115 1245 1283 1378 haffu}

199 1388 374 1471 Λογίζομαι
395 1389 429 1453 δὲ
449 1386 565 1454 πολλοί·
586 1394 694 1474 πρῶτοι
713 1388 770 1470 μὲν
789 1384 879 1453 πόλιν

204 1470 270 1536 Οὐκ
291 1469 330 1537 ἄν
349 1497 396 1550 τις
417 1471 514 1558 ἄλλην
532 1475 625 1558 τῆσδε
644 1473 756 1554 βελτίω
775 1477 897 1553 λαβεῖν·

192 1544 247 1620 Ἧι
266 1562 375 1644 πρῶτοι
389 1559 446 1640 μὲν
466 1556 541 1635 λεὼς
561 1557 618 1623 οὐκ
638 1554 769 1637 {munds
782 1554 927 1637 ἄλλοθεν,

198 1640 398 1723 Αὖτόχθονες
419 1641 451 1706 δ’
475 1641 604 1727 ἔφυμεν·
632 1643 665 1706 ul
686 1640 719 1706 δ’
742 1638 834 1705 ἄλλοι
855 1638 958 1720 πόλεις

197 1727 330 1790 Πεσσιῖιν
351 1721 464 1806 ὁμοίως
485 1727 650 1810 διαφοραῖς
671 1723 854 1803 latroniane,

169 1806 299 1882 ,Ἄλλοι
320 1809 397 1895 παρ’
420 1807 522 1873 ἄλλων
542 1811 617 1875 dclv
637 1804 843 1893 εἰσαγώγιμοι.
940 1820 948 1833 “

190 1889 296 1969 Ὅστις
318 1891 349 1956 d'
373 1891 429 1957 ἀπ’
454 1891 548 1977 ἄλλης
568 1889 676 1969 πόλεος
697 1893 797 1971 οἰκίζει
817 1887 916 1971 πόλιν,

191 1972 304 2062 Ἀρμὸς
324 1977 456 2063 πονηρὸς
477 1977 578 2065 ὥσπερ
600 1979 632 2044 ἰν
652 1975 734 2065 adop
756 1977 870 2062 παγείς,

195 2059 295 2151 Λόγῳ
317 2065 442 2146 πολίτης
463 2064 543 2143 ἔστί,
569 2061 670 2129 τοῖσδ’
693 2061 826 2150 ἔργοισιν
847 2058 935 2146 ἅλ’)

105 2353 111 2359 ·
178 2331 207 2398 'l
234 2332 300 2386 Pare
323 2331 417 2385 horum
433 2349 556 2388 versuum
579 2332 678 2399 legitur
699 2333 779 2386 etiarn
796 2332 867 2400 apud
883 2329 1053 2386 Plutarchum
1070 2333 1106 2386 Τ.
1123 2333 1157 2386 11.
1174 2351 1203 2404 p.
1218 2333 1280 2402 604,

105 2399 156 2453 sed
173 2399 268 2453 additis
286 2400 360 2466 aliis,
377 2400 541 2469 quiquidem
557 2400 596 2452 ita
612 2406 675 2454 aunt
691 2400 852 2469 comparati,
886 2405 917 2453 ut
933 2400 996 2453 huic
1012 2401 1127 2454 sermoni
1143 2419 1198 2455 non
1215 2420 1280 2457 oon-

105 2467 232 2522 veniant:
266 2485 285 2520 ιι
319 2485 352 2520 ue
374 2485 436 2521 vero
459 2475 530 2522 recte
553 2468 682 2521 Matthiae
703 2474 794 2520 censet
834 2472 876 2520 ost
892 2467 1008 2534 Lycurgi
1031 2469 1136 2522 demum
1160 2475 1280 2540 tempora

106 2535 212 2588 additos
229 2551 287 2588 esse
322 2553 351 2589 oe
367 2552 459 2591 versus
475 2553 510 2589 ex
525 2536 730 2604 interpolatione
746 2535 787 2587 his
823 2551 918 2600 onum3
936 2542 999 2588 runt
1015 2536 1086 2588 enirn
1103 2539 1136 2589 ab
1151 2537 1280 2606 ipeoEu-

107 2602 194 2672 r'lpide
215 2603 343 2672 profecti,
371 2605 417 2656 sed
441 2620 475 2657 ex
497 2604 550 2656 alia
576 2604 665 2656 fabula
685 2603 780 2725 pptiti,
802 2603 831 2655 in
855 2619 907 2672 qua
929 2601 1050 2656 similiter
1071 2609 1158 2656 terrae
1172 2607 1279 2660 Atticae

106 2671 199 2723 laudes
216 2673 399 2737 celebraverat,
416 2672 512 2740 partim
528 2671 622 2724 iisdem
638 2677 671 2726 nt
732 2671 851 2726 versibus
868 2686 943 2738 urus,
960 2671 1056 2740 quibus
1072 2671 1102 2723 in
1116 2672 1278 2729 Erechtheo:

106 2736 239 2792 nlerendi
261 2747 349 2793 autem
371 2739 494 2793 ridentur
515 2739 543 2792 bi
559 2756 651 2792 versus
676 2745 786 2810 propter
805 2754 976 2792 numerorum
992 2738 1227 2794 conformationem
1244 2743 1278 2795 ad
1349 2790 1351 2794 ,

105 2820 188 2859 unam
210 2823 245 2860 ex
266 2807 406 2877 postremis
428 2807 521 2874 tragici
543 2807 653 2862 fabulis:
677 2813 719 2861 est
741 2813 831 2861 autern
852 2807 918 2861 illud
939 2807 1116 2874 fragmerrtum
1137 2807 1177 2863 ita
1193 2809 1278 2864 corri-

107 2874 251 2993 mdugllde
267 2941 363 3011 πρῶτοι
379 2940 434 3013 μὲν
451 2936 519 3001 leuis
536 2937 587 2993 οὐκ
604 2936 722 2999 ἐπακτὸς
739 2932 868 3007 ἄλλοθεν,

210 3002 389 3076 Αὐτόχθονες
406 3007 432 3061 d’
455 3009 469 3062 ἔ
494 3021 580 3079 υμιν·
606 3009 636 3060 αλ
653 3005 680 3060 δ’
701 3001 783 3060 ἄλλοι
800 3002 895 3068 πόλεις

208 3078 327 3128 Πεσσῶν
345 3072 448 3148 ὁμοίως
483 3080 683 3146 ιοφορηθεῑσοι
698 3077 795 3145 βολαῖς

201 3135 297 3196 ’Ἄλλοι
313 3142 380 3214 παρ’
402 3137 493 3211 ἄλλων
509 3147 581 3196 εἰσιν
597 3137 849 3225 εἰσαγώγιμοι.

205 3213 248 3263 Εἰ
265 3208 293 3263 d'
313 3210 351 3263 od
374 3205 627 3295 πάρεργονχρή
645 3229 671 3263 τι
686 3224 846 3282 κομποσαι,
864 3207 970 3279 γύναι]

209 3274 337 3345 Οὐρανὸν
353 3273 423 3348 ὑπὲρ
441 3297 490 3348 γης
507 3279 610 3349 ἔχομεν
626 3268 662 3331 εὖ
679 3281 916 3351 κεκραμένον,
981 3312 982 3317 =

202 3340 252 3397 “Ir’
273 3340 331 3398 οὔτ’
352 3339 427 3414 ἄγον
443 3339 578 3419 nipedes
596 3351 684 3416 χεῖμα
696 3348 859 3416 ισυμπιινεῖ.

198 3406 234 3464 Ἃ
250 3410 277 3465 d’
294 3409 388 3471 Ἑλλὰς
400 3412 478 3466 Ἀσίοι
495 3411 519 3466 τ’
541 3413 707 3484 ἐκτρέφει
721 3405 868 3478 κάλλιστα,
890 3413 953 3481 γῆς

206 3481 341 3551 Δέλεορ
360 3481 504 3549 ἔχοντες
525 3481 627 3546 τῆσδε
645 3475 865 3552 συνθηρεύομεν.

102 3551 186 3605 Recte
201 3555 267 3619 puto
282 3567 326 3602 une
343 3549 375 3601 od
393 3543 536 3620 πάρεργον
551 3550 713 3619 restituisse3
735 3551 802 3604 illud
818 3547 890 3602 enim
905 3547 976 3601 haud
992 3564 1057 3602 sane
1073 3547 1138 3604 leuia
1155 3553 1202 3604 eet.
1212 3567 1271 3604 mo-

102 3619 200 3684 nenti,
218 3618 289 3686 quod
306 3618 358 3670 loci
374 3624 469 3670 natura
485 3634 572 3687 neque
588 3624 710 3673 aestuosa
725 3619 821 3683 nimis,
837 3632 925 3686 neque
940 3615 1045 3683 frigide,
1062 3617 1109 3670 aed
1125 3623 1271 3688 temperata

102 3693 152 3740 ert.
187 3687 224 3740 ldt
239 3685 307 3747 hanc
324 3686 429 3755 quidem
450 3686 518 3738 aeris
541 3686 682 3756 puritatem
698 3693 726 3739 et
742 3685 911 3754 temperiem,
934 3701 987 3752 qua
1003 3684 1093 3738 Attica
1109 3690 1181 3738 terra
1196 3686 1271 3740 frue-

102 3754 197 3820 batur,
219 3754 416 3806 saluberrimam
438 3753 521 3807 luisee
537 3755 681 3807 valetudini
704 3760 731 3807 et
746 3752 880 3808 venustati
900 3767 1042 3822 corporum
1064 3759 1270 3808 consentaneum

70 3853 76 3868 ι
102 3829 156 3876 eat:
180 3821 222 3874 uti
244 3821 315 3874 enirn
335 3821 464 3875 fervidum
484 3825 587 3875 coelum
609 3823 770 3877 exuberante
785 3824 874 3874 calore
894 3821 1012 3890 corporis
1033 3820 1104 3874 vires
1126 3821 1270 3877 dissolvere

102 3905 133 3943 ao
155 3889 307 3955 debilitare,
320 3889 456 3954 -frigidam
472 3891 590 3943 membra
606 3891 740 3943 retardare
757 3889 861 3958 aliaque
878 3888 942 3943 vitia
957 3888 1097 3942 infundere
1114 3891 1268 3958 corporibus

101 3961 184 4022 solet,
207 3957 245 4009 sic
267 3958 397 4026 aequabili
420 3958 515 4011 caloris
532 3963 559 4011 et
581 3957 687 4023 frigoris
704 3957 831 4038 temperie
846 3957 968 4010 valetudo
990 3956 1112 4009 fimnmnr
1127 3962 1155 4010 et
1170 3957 1269 4011 imma·

101 4025 190 4079 tabida
205 4032 385 4082 conservatur.
418 4027 516 4078 Verum
532 4026 679 4095 proprietas
697 4029 765 4080 coelr
780 4042 836 4079 non
851 4028 938 4078 solum
954 4039 1076 4090 magnam
1093 4023 1146 4078 vim
1162 4025 1192 4077 in
1207 4041 1269 4078 cor-

137 4110 169 4146 ιιι-
182 4092 319 4146 hominum
335 4093 446 4159 exserit,
469 4094 516 4146 sed
531 4094 658 4146 maiorem
681 4094 760 4150 etiam
775 4093 806 4146 in
822 4093 938 4146 animoa:
961 4109 1022 4144 aere
1038 4091 1110 4144 enim
1125 4092 1203 4146 nimie
1220 4100 1267 4146 ant

111 4161 202 4215 errido
219 4167 265 4213 aut
281 4160 367 4229 spisso
383 4161 490 4227 ingenia
507 4165 553 4213 aut
568 4161 709 4215 lasciviunt
723 4162 855 4231 minusque
870 4163 940 4215 laeta
956 4159 1133 4226 efflorescunt,
1149 4165 1180 4213 ut
1190 4161 1267 4229 quari

101 4229 222 4282 diffluere
237 4228 384 4294 rideantur,
401 4236 447 4282 aut
455 4229 600 4283 hebescunt
615 4236 643 4282 et
659 4229 712 4283 situ
723 4230 800 4299 quasi
812 4230 927 4298 quodem
943 4244 975 4283 ac
990 4233 1098 4308 torpore
1107 4229 1266 4282 obruuntur.

100 4297 202 4352 Contra
217 4296 422 4351 Atheniensibus
439 4297 507 4352 coeli
522 4297 613 4353 sereni
626 4313 659 4351 ea
675 4298 815 4370 temperies
831 4296 957 4366 contigit,
977 4302 1009 4351 rrt
1029 4311 1178 4350 anrmorunr
1194 4294 1264 4349 acies

974 4379 1058 4447 w
