2760 4792
293 228 1021 313 afflo.nu‘'cooloun.u'1'r:u1cr1o
1176 232 1242 301 83³
1301 336 1304 349 ,

152 400 230 476 Οἴαξ
242 398 280 464 oi
301 405 359 464 νῦν·
375 397 433 476 τιλς
453 398 530 465 κατὰ
555 403 672 486 Φρῦνιν
690 397 886 478 ταόταξτδις
908 394 1210 481 δοωιολοιιιίμπτοος,
1234 404 1237 409 ’

150 485 346 568 ’annotant
366 483 554 567 τυπτόμενος
575 483 706 562 πολλός,
727 481 770 562 ὦς’
789 485 847 562 τὰς
866 485 1004 562 Modone
1024 485 1187 572 ἀφανίζων.

66 571 141 642 U
162 571 269 659 scripsi
289 575 351 634 τῶν
371 566 509 654 τρόπων,
529 569 620 658 uolgo
641 569 695 634 τόν
715 567 831 655 τρόπον
850 570 975 658 legitur,
998 572 1063 635 nisi,
1077 574 1156 636 sorte
1176 573 1242 681 quis

67 665 134 721 τοῖν
154 653 282 738 τρόποιν
301 654 392 720 malit
413 676 443 719 v.
464 655 486 720 6
506 653 621 743 scripsi
634 654 756 739 ἀγαγὼν
773 656 822 719 eu
844 653 948 740 λόγον,
970 655 1063 745 vulgo
1081 656 1130 720 eo
1151 663 1242 740 λογον

68 739 152 825 ἄγων
178 741 318 827 legitur„
341 738 404 804 lam
425 760 497 804 vero
522 738 693 821 Prodamus
716 740 783 820 ille,
816 761 900 888 quem
928 739 1145 813 Quinctilianus
1171 743 1243 807 dicit

69 826 210 892 musicam
230 823 319 889 simul
339 830 371 888 et
390 824 505 888 litteras
524 812 756 905 in'hac'fabula
771 832 817 888 tra
838 826 987 910 ere‚‘quis
1008 826 1099 889 fuerit
1117 845 1242 915 prorsus

69 912 225 976 obscurum
251 915 313 974 cst:
355 929 451 994 neque
477 929 551 974 vero
576 908 728 997 probabile
753 915 869 998 poetam
896 916 1033 996 tanquam
1054 910 1122 975 ficto
1142 910 1241 996 aliquo

37 1023 39 1026 ·
68 996 126 1062 hoc
147 994 266 1058 nomine
286 1014 371 1058 osum
392 1015 477 1076 esse,
503 994 592 1057 immo
605 998 841 1058 consentaneum
882 995 958 1058 otius
980 1002 1051 1075 est,
1071 1014 1133 1058 non
1152 996 1242 1082 igno·

70 1080 159 1144 bilem
181 1078 307 1164 aliquem
334 1078 514 1166 sophistam,
547 1077 597 1163 qol
617 1077 669 1142 illo
695 1085 825 1166 tempore
879 1079 977 1143 thenis
1004 1080 1133 1144 omnium
1153 1080 1187 1144 iu
1207 1103 1242 1145 so

70 1164 267 1229 convertisset
288 1163 406 1244 oculos,
428 1164 465 1227 ab
486 1160 632 1251 Eupolide
654 1163 836 1250 exagitatum
848 1164 935 1228 'osse
971 1161 1014 1227 Et
1033 1164 1105 1227 mihi
1126 1164 1242 1248 quidem

69 1250 186 1314 uidetur
206 1249 238 1332 iu
260 1245 401 1312 Prodomi
422 1249 515 1313 locum
535 1251 700 1311 Prodicus
722 1248 943 1313 substituendus
965 1269 1050 1329 esse,
1080 1249 1129 1333 qui
1150 1270 1242 1335 quan-

69 1341 128 1398 tam
149 1333 208 1397 vim
229 1329 386 1421 disdiplina
406 1354 460 1398 sua
488 1333 525 1398 in
549 1331 779 1397 adolescentium
799 1334 913 1398 animos
934 1334 1103 1398 exseruerit
1122 1342 1244 1424 apparet

69 1440 110 1483 ex
130 1416 342 1506 Aristophanis
363 1417 395 1482 Τ
437 1418 542 1483 enistis
563 1415 683 1485 Favi:
996 1440 998 1444 ·
1191 1417 1193 1420 ’

157 1502 224 1566 Τόν
244 1500 343 1588 όίνδρα
362 1499 416 1568 τόν
436 1501 447 1528 '
472 1501 491 1584 ἢ
512 1501 633 1582 βιβλίον
654 1499 822 1586 διίφδορεν

144 1584 193 1650 Ἢ
209 1584 367 1670 Πρόδικος
388 1584 408 1668 ἢ
429 1591 491 1650 τῶν
517 1585 692 1666 ἀδολεσχῶν
712 1579 755 1660 εἷς
774 1583 810 1668 μί
828 1609 894 1660 τις.τ
1121 1636 1124 1641 .

68 1672 202 1758 idemque
227 1671 350 1735 Prodici
381 1690 520 1756 maguam
553 1669 649 1732 luisse
684 1670 886 1732 auctoritatem
912 1667 1024 1733 indicat
1048 1669 1082 1733 iu
1106 1669 1243 1737 Nubibus

67 1780 98 1822 v.
119 1759 199 1834 360,
221 1756 272 1818 ubi
292 1755 375 1818 illum
396 1752 516 1816 Socrati¹
535 1772 687 1839 opponens
709 1752 848 1837 ambigua
869 1757 956 1813 ornat
976 1752 1082 1818 landes

151 1838 197 1904 Οδ
218 1837 278 1922 γὰρ
299 1835 338 1900 δν
359 1833 443 1909 diluo
463 1835 495 1921 γ’
518 1831 753 1914 ὓπανοόοαιμεν.
768 1840 830 1899 τῶν
851 1838 905 1909 νῦν
929 1834 1222 1922 μετεωροσοφιστῶν

154 1923 246 2005 Πλὴν
264 1919 285 2005 ἢ
306 1899 470 2030 Προδίιόῳ,
497 1925 542 2009 τῷ
562 1920 619 2000 μὲν
638 1918 751 2004 σοφίας
772 1919 823 1982 καλ
843 1912 966 2026 ηνοξιιης
988 1915 1110 1999 οὕνεκα,
1138 1922 1191 1993 σοί
1209 1923 1244 1988 dd

147 2004 217 2072 Ὅτι
237 2011 381 2093 βρενδνει
402 2005 432 2070 τ’
456 2008 490 2069 ἐν
508 2014 609 2071 ταῖσιν
631 2000 714 2080 ὁδοῖς
734 2006 785 2067 καλ
810 2001 998 2090 τωφδαλμολ
1022 2001 1241 2091 παραβάλλεις.

68 2091 251 2177 eundemque
272 2112 377 2163 rursus
398 2096 481 2155 notat
499 2091 534 2155 iu
555 2088 670 2156 Avibus
693 2110 721 2154 u.
742 2088 820 2154 690:
888 2127 891 2132 -
1112 2125 1113 2128 =
1140 2104 1145 2113 ·

1261 700 1357 786 stae

145 2174 205 2241 ‘'lo'
229 2171 413 2251 ἀκούσαντες
434 2173 535 2240 πόντοι
555 2173 634 2258 παρ’
656 2169 745 2256 ἡμῶν
766 2170 872 2257 ὀρθῶς
891 2158 960 2257 περὶ
979 2175 1043 2236 τῶν
1060 2169 1223 2258 μετεώρων
1337 2185 1340 2191 ’

156 2257 258 2327 (δόσιν
277 2262 394 2325 οἰωνῶν
402 2260 516 2344 γίνισίν
536 2283 570 2324 τε
581 2262 664 2324 θεῶν
676 2263 825 2339 ποταμῶν
837 2256 868 2321 τ’
880 2255 1026 2341 Ἐρίβοσς
1045 2280 1078 2322 τε
1087 2255 1199 2335 Χάους
1209 2283 1243 2326 τε

153 2343 279 2422 Είδότες
297 2344 405 2429 ὀρθῶς
425 2344 503 2430 παρ’
528 2345 605 2425 ἐμοῦ
628 2344 776 2430 Προδίκῳ
797 2339 898 2406 κλόειν
918 2340 1019 2425 εἴπητε
1039 2341 1079 2407 rh
1093 2339 1209 2408 λοιπόν.

67 2430 259 2516 Nequaquam
292 2437 388 2495 autem
409 2451 429 2494 a
448 2429 571 2514 Prodici
596 2429 720 2516 ingenio
746 2433 777 2491 et
802 2427 1144 2501 northusunensem
1165 2427 1242 2516 quod

68 2515 285 2591 Quinctiliauus
308 2515 394 2597 dicit,
419 2514 502 2589 illum
523 2513 737 2601 Philosophum
760 2513 795 2574 iu·
813 2509 979 2599 Eupolidea
1006 2511 1109 2598 fabulo
1128 2512 1243 2580 litteras

70 2599 158 2665 simul
178 2607 209 2665 et
228 2599 369 2665 musicam
396 2604 489 2663 artem
515 2598 649 2663 tradere:
675 2615 807 2681 natuque·
820 2595 980 2660 Prodicum
1007 2597 1080 2658 satis
1105 2605 1243 2662 accurate

68 2685 101 2749 in
123 2683 322 2772 grammaticis
344 2684 564 2768 quaestionibus
585 2687 735 2746 uersatum
756 2701 824 2744 esse
841 2685 966 2760 constat,
986 2679 1141 2765 docuitque
1152 2679 1242 2747 wel-

68 2772 178 2834 clerus
198 2771 232 2833 in
252 2768 505 2849 commentatione,
526 2789 617 2853 quam-
633 2787 667 2831 su
688 2788 724 2831 ra
744 2765 819 2847 dixi,
841 2764 878 2828 de
899 2764 955 2828 hoo
976 2765 1124 2865 sophista3
1145 2786 1242 2864 neque

68 2874 172 2918 veroa
189 2854 301 2917 musica
315 2853 477 2934 abhorruit,
497 2852 640 2937 siquidem
685 2871 799 2931 amone,
821 2851 931 2914 musico
949 2848 1128 2930 doctissimo,
1149 2870 1242 2914 amuco

69 2944 101 3002 et
123 2944 154 3002 ot
173 2938 290 3002 uidetur
316 2937 460 3024 magistro
492 2958 563 3001 usus
590 2943 652 3016 est,
681 2935 743 3000 vid.
762 2934 883 2999 Platone
903 2933 1037 2998 Lachete
1057 2956 1086 3022 p.
1110 2932 1172 2998 197
1192 2933 1240 2997 D:

69 3024 136 3087 Kal
156 3021 216 3105 γόρ
236 3047 290 3103 μοι
312 3023 410 3096 δοκεῖς
431 3019 504 3085 οὐδὲ
523 3021 566 3103 μὴ
584 3019 759 3106 ᾐσθῆσθαι,
781 3015 827 3083 ότι
848 3014 899 3082 ὅδε
916 3015 1033 3100 ταότην
1051 3016 1107 3100 τὴν
1127 3019 1243 3126 σοφίαν

70 3106 157 3192 παρὰ
177 3102 331 3186 Δάμωνος
358 3111 414 3170 τοῦ
447 3101 596 3189 ἣμετίρον
626 3103 748 3188 ἑταίρου
775 3105 977 3189 παρείληφεν·
1019 3098 1036 3165 ὅ
1063 3102 1097 3166 δὲ
1123 3103 1243 3182 Λαμων

33 3226 38 3240 =
68 3197 114 3254 τῶ
134 3192 282 3274 Προδίκω
304 3190 404 3254 πολλὰ
424 3187 578 3271 πλησιάζει
585 3237 594 3268 ,
616 3188 650 3266 ὃς
671 3189 709 3270 δὴ
732 3190 817 3251 δοκεῖ
832 3192 895 3252 τῶν
915 3190 1072 3272 σοφιστῶν
1092 3181 1242 3250 κάλλιστα

68 3254 107 3340 τδ
140 3255 273 3341 τοιαῦταί
301 3272 438 3357 ὀνόματα
471 3278 607 3360 διαιρεῖν.
650 3274 727 3338 unde
760 3274 833 3336 satis
875 3277 998 3372 apparet
1026 3270 1187 3343 Prodicum
1223 3293 1242 3335 a

69 3360 206 3425 Damone
234 3361 267 3424 iu
305 3362 513 3448 grammaticae
546 3359 719 3448 disciplinae
745 3356 841 3421 studio
868 3368 942 3420 satus
970 3359 1000 3419 el
1029 3355 1194 3418 excitatum*
1212 3363 1243 3419 et

69 3446 273 3511 confirmatum
293 3467 377 3510 esse:
404 3452 524 3531 eratque
551 3452 620 3509 tuuc
647 3442 813 3507 arctissima
832 3440 1042 3526 grammaticae
1063 3445 1093 3502 et
1112 3440 1242 3503 musicae

69 3530 143 3594 artis
164 3530 345 3595 coniunctio:
367 3531 478 3594 musica
499 3530 578 3595 enim
598 3529 732 3593 rhetores
753 3527 797 3591 uti
818 3525 953 3590 solebant
974 3523 1011 3589 ad
1032 3530 1150 3587 teneros
1170 3543 1243 3672 quo-

68 3635 170 3679 rorum
192 3615 305 3680 animos
327 3614 555 3679 conformandos
576 3618 607 3677 et
628 3612 666 3678 ad
686 3611 882 3698 eloquentiam
899 3610 982 3695 quasi
1002 3629 1169 3696 praeparem
1190 3628 1240 3671 os:

69 3720 157 3784 quam
186 3701 330 3764 rationem
351 3698 511 3764 Prodicum
538 3719 650 3785 quoque
676 3704 805 3761 secutum
832 3716 900 3760 esso
926 3697 1156 3758 consentaneum
1183 3697 1240 3773 est,

71 3784 170 3869 itaque
197 3785 261 3848 eius
291 3807 341 3849 ars
362 3805 380 3848 a
400 3782 528 3848 Platone
547 3779 679 3865 μουσικὴ
702 3781 864 3872 appellatur
884 3778 1107 3864 inProtagora
1124 3796 1157 3922 ρ
1178 3772 1243 3841 340

69 3866 115 3932 A:
137 3860 179 3932 Ὦ
198 3865 351 3954 Πρόδικε,
373 3866 451 3952 δ’φην
472 3864 545 3954 lyei,
566 3866 621 3942 σὸς
640 3866 744 3948 μέντοι
765 3863 939 3945 Σιμωνίδης
960 3862 1101 3942 πολίτης·
1144 3859 1241 3936 ίιιαιος

70 3948 98 4057 ql
119 3958 250 4057 βοηθεῖν
274 3957 319 4042 τῷ
345 3951 437 4037 ἀνδρί
441 3974 449 3991 ·
492 3954 574 4016 δοκῶ
596 3942 650 4016 οὗν
675 3974 729 4031 μοι
757 3949 815 4056 ἔφη)
842 3951 1030 4054 παραηαλεῖν
1049 3967 1108 4052 ἀρ,
1140 3940 1241 4055 ῶσηιρ

69 4038 131 4185 {ll
144 4037 301 4204 illd&
323 4033 1242 4210 defututacallauda213⁰rotulus

71 4203 241 4292 ἀμφότεροι
261 4234 318 4296 περ
340 4212 481 4292 Σχῶμεν·
524 4203 603 4289 ῶτδρ
629 4206 681 4269 καί
707 4199 767 4289 lyei
787 4225 820 4268 σε
842 4204 1025 4287 παρακαλῶ,
1056 4195 1101 4281 μὴ
1129 4192 1240 4279 quiri)

70 4290 284 4380 Πρωταγόρας
310 4293 364 4359 τὸν
383 4292 558 4376 Σιμωνίδην
584 4290 733 4378 ίκπίρσητ
760 4290 812 4353 καλ
836 4284 895 4376 γὰρ
924 4277 978 4351 οὖν
1003 4285 1056 4349 καλ
1082 4285 1177 4348 δεῖται
1203 4280 1239 4345 cd
