2760 4792
123 231 188 303 sse
505 228 913 311 communromouns
955 328 958 333 y

212 397 311 467 oieb
331 396 467 487 depadyss
487 395 523 462 sd
545 401 651 462 detor·
673 402 765 462 τοῦτο
786 394 941 482 γινώσκειν
960 423 995 464 cs
1007 400 1066 465 cer·
1152 392 1155 397 ¹

207 486 317 563 Adeba
336 482 407 550 ‘lud'
431 478 519 564 ἁμῶν
540 478 693 558 ἐπόπτας·
719 479 869 547 ἀδυνατεῖ
890 482 922 547 d’
947 480 1036 549 οὐδὲν
1056 480 1141 560 θεός.

206 571 293 660 lpsae
319 567 534 634 comoediarum
560 566 704 652 reliquiae
724 568 797 632 satis
820 567 927 633 docent
946 567 1155 659 Epicharmum
1181 568 1225 635 ita
1245 568 1294 635 lria

123 655 242 738 fabulis,
262 675 335 741 quas
356 653 483 718 maiores
505 651 698 732 tradiderant,
719 673 803 717 usum
825 673 903 735 esse,
924 654 1115 740 utaequales
1136 655 1174 719 de
1194 674 1295 720 rerum

122 749 228 806 namra
253 737 375 805 meliora
396 737 548 804 educeretz
574 743 605 802 et
623 736 656 802 in
677 735 812 804 fabuloso
840 736 956 823 quidem
978 745 1152 826 argumento
1179 759 1220 804 ex
1236 738 1294 817 tri·

123 926 206 941 m

120 1058 533 1192 tatutl’mttdtjudt
551 1056 1010 1194 tlttttndtttsstttttf
1026 1056 1293 1194 dimidiet:

121 1195 395 1252 Quinctilian.X.1s
430 1194 483 1258 „lu
509 1192 645 1244 comoedia
670 1192 784 1245 maxime
810 1194 1002 1262 claudicamus,
1025 1196 1087 1249 lieet
1109 1197 1193 1248 Varro
1213 1192 1293 1263 diust,

120 1264 212 1316 Musas
229 1262 298 1315 Aelii
315 1260 425 1315 Stilonis
448 1259 579 1312 sententia
596 1260 720 1312 Plautino
742 1276 864 1314 sermone
886 1263 1020 1316 locuturas
1042 1263 1141 1328 scisse,
1163 1262 1188 1316 si
1209 1262 1294 1315 latina

120 1331 194 1400 loqui
211 1333 320 1383 vellent:
343 1329 406 1381 licet
423 1327 567 1380 Caecilium
589 1334 692 1380 veteres
709 1329 830 1380 laudibus
847 1328 947 1396 ierant3
970 1331 1032 1383 licet
1048 1330 1170 1384 Terentii
1192 1330 1292 1399 scripta

121 1399 155 1451 ad
172 1398 321 1467 Scipionem
337 1395 489 1449 Africanum
505 1395 666 1448 referantur:
690 1413 758 1464 quae
775 1404 864 1449 tamen
879 1404 943 1450 sunt
958 1398 987 1450 in
1004 1397 1054 1451 hoc
1070 1414 1167 1464 genere
1183 1400 1292 1465 elegan-

120 1466 222 1519 tissima
239 1472 266 1518 et
284 1467 342 1534 plue
358 1464 443 1516 adhuc
459 1463 580 1515 habitura
597 1463 710 1530 gratiae,
733 1464 757 1516 si
774 1464 844 1517 intra
859 1481 952 1518 versus
969 1466 1102 1519 trimetros
1120 1462 1293 1519 stetissent-‘⁸

121 1534 315 1590 Quinctilianus
333 1539 421 1585 autem
438 1530 518 1584 etiam
535 1532 563 1582 in
586 1532 635 1597 iis,
658 1533 776 1601 quaeda
794 1533 910 1586 Caecilio
932 1538 960 1587 et
977 1534 1104 1587 Terentio
1122 1534 1206 1601 dixit,
1222 1534 1293 1587 Vas·

121 1601 194 1655 sonis
222 1617 358 1654 censuram
389 1599 492 1651 videtur
513 1600 669 1668 respexisse.
710 1601 762 1653 Sed
785 1600 870 1653 Varro
893 1600 1011 1670 quamuis
1037 1617 1187 1654 sermonem
1209 1602 1293 1655 Plan-

121 1670 206 1722 tinum
224 1668 320 1722 eximie
337 1668 469 1733 laudaret,
487 1682 656 1719 numerorum
673 1674 762 1720 tamen
778 1668 967 1733 negligentiam
982 1669 1156 1737 improbarit,
1172 1668 1293 1724 videm-

140 1754 173 1790 ue
190 1737 223 1789 ad
240 1737 312 1788 illam
328 1735 456 1788 incuriam
473 1736 616 1787 notandam
633 1751 697 1787 usus
714 1753 772 1787 esse
788 1736 872 1805 ipsius
888 1736 979 1791 Plauti
995 1737 1197 1804 epigrammate,
1230 1735 1293 1791 side

163 1805 235 1858 llium
252 1807 331 1858 Noet.
348 1805 402 1856 Art.
422 1805 442 1855 1.
461 1800 509 1855 24:
528 1803 716 1871 „Epigramma
732 1803 836 1868 Plauti,
853 1805 925 1872 quod
940 1805 1133 1857 dubitassemus
1150 1821 1186 1873 an
1201 1804 1293 1861 Plauti

120 1872 203 1938 foret,
220 1872 271 1925 nisi
288 1889 304 1924 a
320 1873 358 1925 M.
378 1873 495 1923 Varrone
512 1871 626 1939 positum
644 1871 738 1924 fuisset
758 1870 788 1923 in
803 1873 871 1925 libro
889 1873 922 1924 de
938 1872 1025 1941 poetis
1041 1872 1143 1941 primo:

187 1942 332 2009 Postquam
349 1946 434 1991 morte
450 1941 539 1990 datust
556 1940 683 2002 Plautus,
701 1939 836 1991 comoedia
852 1941 935 2007 luget,

187 2012 273 2062 Saeua
289 2014 330 2060 est
346 2007 462 2058 deserta:
480 2006 542 2057 dein
558 2006 653 2070 Risus,
670 2004 761 2057 Ludn'
779 2008 908 2074 locusque

186 2078 223 2130 nt
238 2077 466 2128 „ammianum
482 2074 561 2125 simul
577 2088 668 2124 omues
685 2071 936 2127 collacrumarunt.“

118 2148 216 2198 aarum
231 2144 301 2196 euim
314 2145 435 2195 insamae
451 2157 505 2194 non
522 2140 649 2209 pedestris
667 2141 751 2192 oratio
769 2141 815 2192 sed
831 2156 922 2193 versus
934 2146 998 2195 sunt
1011 2141 1215 2197 arteetnnmeri
1230 2143 1294 2224 lege

119 2217 254 2277 carentes,
277 2216 319 2262 est
333 2209 416 2273 igitur
432 2208 524 2260 eodem
542 2207 620 2259 modo
637 2207 751 2272 dictum,
769 2222 822 2276 quo
838 2208 942 2262 Ennius
957 2212 1078 2277 namtas
1093 2214 1198 2278 mplius
1212 2210 1292 2267 diust.

120 2283 200 2333 latam
228 2278 309 2343 igitur
337 2292 507 2329 numerorum
535 2275 702 2343 asperitatem
728 2276 812 2326 Varro
836 2276 941 2330 videtur
967 2277 1105 2346 repetiisse
1131 2295 1148 2332 a
1169 2278 1293 2345 diligenti

119 2345 351 2416 Epicharmearum
372 2343 568 2397 comoediarum
588 2342 676 2395 studio
703 2342 794 2411 itaque
814 2343 939 2398 Plautum
961 2347 1141 2401 excusavisse:
1209 2346 1294 2402 stiunt
1327 2344 1330 2349 ’

119 2414 171 2466 huc
192 2413 320 2485 sortasse,
343 2412 415 2481 quod
437 2428 471 2465 ex
492 2412 560 2464 libro
576 2409 662 2479 primo
680 2410 712 2462 de
729 2411 814 2478 poetis
837 2412 916 2465 affert
930 2412 1082 2467 Priscianus
1104 2415 1153 2468 IX·
1170 2363 1245 2470 lii.
1261 2432 1293 2495 p.

118 2480 170 2535 452
190 2482 233 2534 ed.
249 2480 345 2534 Krehl:
378 2481 473 2533 Denda
495 2496 523 2532 se
544 2480 579 2531 cd
595 2481 694 2532 Sindos
716 2482 862 2547 applicavit.
896 2480 1025 2536 Horatius
1046 2480 1147 2550 igitur,
1162 2482 1293 2539 Varronis

119 2565 258 2603 censuram
274 2548 416 2618 respiciens
439 2548 518 2600 dixit:

184 2620 295 2671 Plautus
311 2617 345 2670 ed
361 2618 510 2685 exemplum
527 2613 611 2668 Siculi
631 2631 772 2684 properare
788 2614 950 2684 Epicharmi·

118 2686 217 2807 Etlisia
240 2686 342 2754 reliqua
363 2700 469 2753 quoque
493 2699 603 2753 prorsus
626 2684 740 2737 Varroni
761 2684 939 2753 conveniunt,
971 2687 1004 2738 ut
1030 2683 1097 2739 illud
1122 2682 1291 2743 dedicando

117 2770 145 2806 su
174 2770 257 2806 mum:
1328 2766 1334 2779 ·

184 2821 289 2873 Dicitur
303 2819 397 2881 Afrani
413 2823 476 2884 toga
497 2817 651 2871 convenisse
667 2818 822 2871 Menandro.
1276 2846 1280 2851 ·

117 2888 312 2947 Quinctilianus
329 2887 375 2940 illo
391 2890 468 2953 locu‚·
478 2904 556 2954 quem
573 2886 651 2938 modo
669 2886 733 2953 dixi,
750 2886 829 2939 iniis
846 2903 915 2955 quae
931 2887 965 2941 de
980 2885 1090 2941 Afranio
1107 2892 1208 2956 censet,
1223 2904 1291 2943 ssns

117 2958 263 3011 Varronem
280 2962 341 3007 ante
358 2958 447 3008 oculos
464 2955 587 3007 habuisse
603 2954 718 3006 videtur:
754 2954 831 3020 „Vix
852 2957 938 3010 levem
958 2955 1147 3024 consequimur
1162 2956 1290 3011 umbram

116 3026 183 3078 adeo
200 3029 231 3076 ut
246 3023 311 3076 milri
326 3039 414 3075 sermo
430 3024 628 3091 ipsellomanus
645 3038 699 3074 nou
716 3023 833 3090 recipere
844 3023 965 3078 videatur
974 3023 1048 3077 illam
1061 3024 1126 3077 solis
1136 3040 1290 3079 commacu

116 3092 210 3145 Atticis
226 3108 364 3157 venerem,
389 3092 494 3161 quaudo
517 3107 575 3142 eam
592 3105 626 3142 ne
645 3089 739 3142 Graeci
765 3090 871 3158 quidem
886 3091 916 3144 in
932 3091 985 3145 olio
1001 3106 1099 3157 genere
1115 3092 1223 3159 linguae
1240 3092 1291 3147 ob-

117 3160 256 3214 tinuerint:
291 3159 387 3225 togatis
416 3159 521 3211 excellit
541 3157 665 3210 Afranius
689 3156 843 3225 utinamque
865 3175 921 3213 non
942 3159 972 3217 in
990 3159 1108 3213 uinasset
1133 3164 1290 3227 mgnmanta

115 3245 258 3297 puerorum
280 3227 365 3280 foedis
387 3227 537 3292 amoribus,
564 3241 651 3277 mores
673 3241 736 3278 suos
753 3225 875 3279 fassus.“
908 3228 956 3280 sed
972 3176 1169 3283 duinctssianus
1193 3226 1238 3283 bic
1259 3216 1292 3281 u't

116 3296 195 3363 alibi,
218 3295 328 3348 nimium
345 3297 378 3346 de
394 3295 471 3346 laude
488 3293 642 3345 Latinarum
664 3293 810 3345 litterarum
827 3293 951 3349 detrabit.
984 3297 1040 3349 lam
1056 3311 1120 3350 vero
1135 3294 1194 3365 ipse
1208 3294 1291 3350 Aira-

116 3364 176 3418 nius
188 3370 303 3484 illeswud
320 3370 362 3415 est
376 3361 604 3431 inCompitalibus
620 3361 930 3432 (apponeremus)
947 3379 978 3418 se
993 3362 1112 3419 studiose
1128 3364 1289 3419 aemulatur

115 3448 173 3486 mse
218 3448 286 3485 enan
304 3447 376 3484 rum:

182 3501 241 3563 Ego
258 3499 358 3564 fateor,
380 3496 463 3550 sumai
480 3513 535 3549 non
552 3498 585 3549 ab
602 3499 661 3549 solo
677 3495 723 3548 illo
740 3496 830 3563 modo,

182 3567 236 3620 Sed
252 3572 283 3618 ut
299 3567 410 3634 quisque
426 3565 532 3631 habuit,
549 3564 701 3617 conveniret
717 3565 788 3632 quod
804 3564 880 3633 milri,

182 3633 261 3691 Quod
277 3650 320 3685 me
337 3651 391 3687 non
411 3649 490 3702 posse
506 3633 594 3686 facere
609 3632 704 3685 melius
721 3632 829 3699 credidi,
850 3668 854 3675 -

184 3702 271 3755 Etiam
287 3717 304 3753 a
320 3701 426 3754 Latino.

114 3772 188 3826 Adde
200 3770 357 3822 Ciceronem
370 3771 403 3822 de
413 3768 526 3822 Finibus
544 3770 565 3822 1.
574 3769 607 3821 3:
623 3766 730 3835 „Locos
741 3762 848 3836 quidem
864 3767 993 3838 quosdam
1008 3766 1032 3822 si
1049 3766 1183 3825 videbitur
1198 3773 1290 3825 ms·

113 3840 196 3892 laram
219 3842 247 3890 et
267 3837 381 3890 maxime
402 3839 437 3890 ab
458 3837 507 3903 iis,
529 3851 597 3903 quos
618 3836 697 3888 modo
721 3835 870 3899 nominari,
892 3852 953 3891 cusu
975 3836 1112 3906 inciderit,
1134 3844 1166 3892 ut
1182 3836 1210 3891 id
1227 3844 1289 3907 apta

113 3908 172 3961 lieri
188 3904 289 3986 possit,
306 3911 337 3958 ut
358 3907 391 3958 ab
409 3906 527 3958 Homero
543 3903 663 3969 Ennius,
679 3903 804 3957 Afranius
821 3921 839 3956 a
854 3904 1001 3958 Menandro
1024 3904 1126 3959 solet.“
1160 3904 1288 3961 Varronis

112 3991 176 4030 vero
192 3973 289 4027 iudicia
308 3979 416 4027 secutus
433 3981 475 4026 est
490 3972 570 4024 etiam
589 3971 705 4023 Velleius
723 3973 743 4024 l.
762 3972 810 4024 17:
833 3971 920 4038 „Nisi
935 3987 1031 4041 aspera
1046 3978 1075 4026 et
1090 3973 1168 4027 rudia
1183 3979 1288 4043 repetas

113 4050 142 4096 et
157 4042 257 4095 inventi
275 4042 405 4094 laudanda
422 4040 546 4108 nomine,
567 4039 597 4092 in
612 4039 686 4092 Attio
712 4038 834 4107 circaque
857 4056 920 4092 eum
935 4041 1057 4094 Romana
1079 4040 1217 4106 tragoedis
1233 4047 1287 4095 asts

113 4112 253 4189 dulcesque
280 4109 371 4162 Latini
399 4107 496 4176 leporis
524 4107 635 4160 facetiae
662 4124 711 4176 per
734 4109 872 4160 cucullam
896 4110 1084 4175 Tarentinaeque
1104 4117 1132 4162 et
1153 4109 1289 4175 Afrania·

111 4195 221 4247 supparo
237 4182 325 4230 aetate
340 4175 512 4229 nituerunt.“
534 4180 563 4227 et
578 4176 648 4227 idem
665 4175 735 4229 infra
752 4176 784 4228 ll.
802 4175 832 4229 9:
856 4175 963 4240 „clara
978 4174 1060 4227 etism
1076 4192 1125 4244 per
1140 4176 1211 4230 idem
1228 4174 1289 4245 sevi

112 4247 227 4315 spatium
243 4245 319 4298 luere
334 4242 458 4309 ingenia,
473 4243 503 4296 in
520 4243 616 4308 togatis
634 4244 746 4309 Afranii,
763 4242 793 4295 in
810 4241 953 4310 tragoediis
968 4242 1094 4297 Pacuvii:
1114 4244 1235 4312 atquerl
1259 4242 1267 4257 '

111 4314 241 4383 usquein
257 4313 421 4367 Graecorum
437 4310 607 4378 ingeniorum
623 4310 846 4381 comparationem
862 4309 976 4367 ovecus
998 4310 1067 4365 lllud
1083 4326 1234 4383 quequae
