2760 4792
328 245 388 313 DE
408 242 1051 322 anino.comdun.ss'nsm'1no.
1229 247 1274 315 ai

101 417 252 488 ximeest
271 414 487 498 memorabilis,
510 414 586 500 qnod
607 434 647 479 ex
667 434 704 480 co
724 413 947 514 cognoscimus,
967 413 1018 500 qni
1038 412 1222 503 grammatici
1240 413 1274 481 in

104 501 223 573 cratini
243 500 401 569 comoediis
422 499 614 579 recensendis
636 504 667 563 et
685 498 869 586 exphcandis
881 500 1173 589 operamposuerint.
1203 500 1275 568 Non
1360 549 1366 579 ,

103 596 202 654 tamen
229 605 332 650 omnes
359 585 409 670 qui
434 585 477 650 ihi
508 590 771 650 commemorantur
795 583 843 649 sin
897 605 965 650 ares
992 586 1216 651 commentaiios
1241 585 1275 651 in

105 669 262 738 Cratinum
283 668 456 751 ediderunt,
476 668 531 735 sed
552 667 766 734 Eratosthenes
787 665 836 767 qni
857 691 921 753 eni,
955 665 1005 769 pui
1025 675 1056 734 et
1074 667 1140 759 ipsc
1161 669 1198 735 dc
1219 670 1276 736 hoc

104 754 253 821 versiculo
275 761 394 842 egerat,
414 753 487 818 lecit
505 753 536 819 id
556 752 589 816 in
609 752 826 817 commentariis
848 752 885 817 de
906 759 1025 839 antiqua
1045 750 1205 835 comoedia,
1225 753 1276 819 nhi

105 847 210 907 contra
229 837 461 926 Lycophronem
486 837 669 926 potissimum
695 832 869 926 disputavit,
899 837 949 923 qni
974 836 1085 926 primus
1112 835 1276 904 comoedis·

104 946 171 991 rum
196 930 385 989 monumenta
416 922 450 987 in
481 921 615 987 ordinem
641 920 781 1009 redigere
808 927 839 986 et
869 916 1020 986 illustrare
1051 928 1173 987 conatos
1204 922 1275 989 fuit:

105 1008 247 1109 attigerat
275 1013 372 1073 antem
399 1007 486 1071 otiam
511 1005 564 1071 ille
585 1007 663 1071 hnnc
684 1004 802 1073 Cratini
822 1027 951 1071 versum.
993 1001 1204 1095 Lycophronis
1224 1029 1276 1073 an·

105 1098 269 1159 &ritatem
290 1093 377 1157 etiam
388 1091 539 1156 Diodorus
559 1091 796 1180 impugnaverat,
816 1112 901 1177 quem
911 1086 1163 1180 Aristophanem
1181 1092 1277 1158 luisse

193 1175 328 1242 misticum
348 1183 473 1242 testatur
491 1175 667 1241 Athenaeus
692 1171 748 1244 lv.
768 1197 797 1265 p.
819 1175 883 1242 18⁰
902 1173 941 1241 E.
963 1170 1019 1259 (T.
1040 1172 1065 1240 1.
1106 1223 1115 1241 .
1135 1171 1210 1242 411.
1229 1172 1278 1244 ed.

105 1198 261 1411 ffiorlp
303 1259 416 1326 Libros
443 1267 546 1326 contra
571 1259 660 1346 Lyco
679 1260 803 1326 hronem
829 1265 1036 1326 commemorat
1059 1256 1138 1326 iem
1164 1257 1278 1331 Athen.

105 1344 160 1413 xl.
183 1367 211 1435 p.
259 1345 302 1411 78
325 1344 369 1411 B:
412 1341 574 1432 Διόδωρος
602 1343 633 1408 d'
657 1282 689 1411 dr
718 1350 763 1433 τῷ
790 1343 868 1430 πρὸς
891 1340 1089 1432 Λυκόφρονα
1115 1343 1201 1432 πσρό
1226 1345 1279 1410 Σι-

107 1429 247 1507 νοωνίοις
271 1432 322 1494 καὶ
350 1434 401 1495 Τα
422 1430 552 1506 αντίνσις
583 1424 773 1508 ἐπιπολάζειν
793 1431 870 1516 φησλ
890 1427 926 1495 sd
948 1427 1076 1512 ίνπωμοι
1101 1429 1279 1519 (κότυλον).

107 1521 174 1583 ciat
197 1514 247 1579 hic
272 1534 385 1602 qnoque
402 1455 482 1581 liber
502 1522 605 1581 contra
624 1514 839 1605 Lycophronis
860 1515 1085 1581 commentarios
1106 1514 1144 1581 de
1164 1536 1280 1582 comos·

107 1598 159 1667 dia
179 1599 322 1690 scriptus,
349 1605 382 1665 nt
401 1600 450 1665 vel
471 1621 510 1665 ex
530 1600 582 1665 illo
604 1598 668 1664 loco
690 1607 829 1688 apparet,
859 1599 909 1664 uhi
931 1600 968 1666 de
989 1599 1088 1687 cotyla
1108 1599 1280 1689 poculorum

108 1704 243 1775 genere,
263 1683 339 1783 quod
360 1683 464 1750 comici
483 1684 667 1770 potissimum
687 1691 793 1770 poetae
812 1684 1086 1768 frequentaverunt,
1105 1705 1203 1751 sermo
1224 1692 1280 1752 est.

193 1768 298 1833 Possit
322 1768 416 1854 igitur
442 1767 530 1830 lacile
558 1765 665 1863 ahquis
691 1765 836 1853 suspicari
862 1766 950 1830 etiam
969 1766 1027 1831 hoc
1047 1766 1123 1853 quod
1145 1790 1185 1834 cx
1205 1766 1281 1835 Dio·
1366 1835 1371 1853 ,

108 1851 182 1919 doro
203 1853 319 1940 profert
338 1851 530 1931 Athenaeus,
561 1855 684 1940 petitum
704 1869 774 1912 esse
794 1869 835 1912 ex
854 1847 913 1912 isto
933 1851 1140 1916 commentario
1160 1853 1194 1921 ἰ
1213 1851 1282 1940 Ly.

108 1937 305 2027 cophronem:
334 1933 434 1998 dubito
455 1939 553 1998 tamen
574 1931 662 1997 valde
682 1953 722 1997 aii
736 1931 864 1998 Diodori
874 1953 982 1998 nomen
1002 1954 1105 2000 veium
1126 1935 1181 2000 sit:
1202 1944 1283 2003 recte

106 2032 139 2087 nt
162 2019 253 2084 credo
273 2017 409 2083 nonnulli
429 2017 499 2082 libri
514 2011 693 2103 Ἡρόδωρος
713 2016 907 2082 substituunt:
927 2023 1084 2107 praeterea
1104 2020 1283 2087 vernettum

107 2104 184 2173 illud
206 2105 282 2188 φησὶ
302 2102 477 2168 insolentius
499 2102 607 2168 dictum
629 2110 690 2168 est:
724 2102 812 2168 credo
833 2102 928 2191 igitur
948 2102 1043 2169 locum
1063 2102 1106 2170 ita
1126 2126 1195 2171 esse
1214 2104 1284 2172 red·

60 2264 63 2274 ,
108 2189 172 2256 inte
212 2187 334 2253 andum:
373 2185 498 2252 Ἀπίων
523 2187 558 2252 δὲ
584 2188 636 2250 καλ
652 2183 886 2273 Ἡρόδωρος,
908 2183 994 2297 (ὥς)
1015 2210 1093 2274 φησι
1115 2185 1284 2340 Ψόμφι.

109 2277 177 2350 λος
213 2268 322 2357 φιάλαι
341 2272 443 2351 ποιαί,
478 2261 521 2337 ὧν
542 2269 559 2336 d
580 2269 723 2358 ὀμφαλὸς
743 2268 956 2357 παραπλήσιος
975 2278 1081 2362 quippi.
1152 2272 1284 2366 amphili,

110 2357 849 2528 ddlhldlltltltmddttl‘,tlt
866 2357 1284 2511 ‘llolttlltddltt

110 2527 186 2616 ipsis
206 2527 332 2616 Apionis
354 2533 385 2592 et
404 2525 556 2592 Herodori
583 2526 668 2591 lihris
689 2526 807 2592 videtur
827 2548 899 2593 usus
920 2548 1004 2610 esse,
1038 2527 1092 2594 sed
1113 2549 1215 2595 eorum
1235 2549 1285 2594 co·

110 2609 1187 2766 hlthldsshlmllllihll‘lllltfflslllllndlf‘d‘
1207 2610 1286 2763 λλ

110 2719 297 2868 Πόμφιλῖις,
330 2717 483 2845 ἓπαίκλιλό
512 2804 591 2866 φασι
622 2743 784 2846 λαλεῖσθαι
809 2779 850 2846 τὰ
870 2778 949 2864 μετὰ
972 2777 1009 2847 τό
1029 2722 1151 2848 cedris
1169 2720 1287 2886 ξρόγηέ-

107 2890 209 2948 ματα.
251 2863 346 2931 Recte
366 2866 416 2931 hic
436 2886 549 2967 quoqne
568 2866 602 2931 in
622 2866 774 2932 nonnullis
797 2865 882 2931 lihris
907 2873 984 2932 teste
1004 2861 1183 2934 casaubono
1208 2869 1287 2958 legi-

112 2957 163 3017 tni·
177 2946 365 3036 Ἡρόδωρος.
409 2947 462 3014 An
487 2951 613 3016 similem
639 2951 736 3016 lahem
762 2952 945 3017 contraxerit
970 2950 1046 3017 alius
1072 2953 1154 3019 locus
1180 2949 1235 3020 xl.
1256 2975 1286 3042 p.
1353 2964 1362 2973 '

111 3033 179 3102 479
198 3033 237 3101 Β.
258 3034 372 3115 dubit03
405 3033 475 3100 dicit
494 3034 549 3100 ihi:
593 3031 755 3122 Διόδωρος
776 3034 807 3099 d'
831 3037 865 3101 ἓν
881 3035 1043 3113 Ἰταλικαῖς
1062 3033 1215 3122 γλώσσαις
1235 3038 1287 3102 καλ

108 3114 321 3204 Ἡράκλειτος,
348 3117 390 3196 ὥς
411 3144 488 3207 φησι
508 3115 693 3207 Πάμφιλος,
725 3119 783 3204 τὴν
803 3117 934 3205 κοτόλην
954 3125 1117 3187 scistellus
1138 3124 1189 3186 καλ
1214 3117 1288 3204 ipat-

110 3229 182 3289 ναν.
223 3204 302 3270 Nam
324 3204 422 3305 potnit
447 3203 598 3270 Diodorus
625 3204 732 3292 ahquis
759 3213 859 3271 auctor
886 3227 954 3273 esse
980 3205 1149 3272 Italicarum
1167 3204 1287 3306 glossa·

113 3310 191 3357 rum.
232 3287 381 3354 Existimo
402 3289 497 3390 igitur
505 3290 653 3380 Apionem
676 3297 706 3355 et
714 3287 903 3356 Herodorum
924 3290 961 3356 de
982 3291 1038 3356 hoc
1060 3286 1178 3357 Gratim
1196 3311 1288 3359 versu

113 3372 148 3440 in
171 3373 288 3440 Glossis
308 3375 504 3457 disseruisse,
535 3395 607 3461 quas
634 3374 772 3439 videntur
792 3375 947 3440 coniuncta
968 3393 985 3439 o
1006 3396 1059 3440 era
1078 3374 1289 3465 composuisse,

115 3465 169 3524 ant
189 3458 266 3524 alter
290 3479 364 3561 opus
391 3459 429 3524 ab
456 3459 549 3525 altero
575 3459 743 3525 inchoatum
769 3460 903 3547 perfecit
945 3395 1093 3528 Videntur
1112 3467 1209 3526 antem
1229 3458 1288 3527 hae

115 3543 239 3644 glossae
251 3543 379 3634 Apionis
400 3543 603 3627 etHerodori,
624 3565 696 3631 quas
709 3542 883 3610 Athenaeus
901 3542 983 3626 dicit,
1003 3543 1139 3610 diversae
1160 3567 1229 3611 esse
1250 3545 1288 3611 ah

114 3648 267 3779 ”dudd
278 3628 877 3780 concionantium
897 3626 1289 3803 tlhthliffiltth

116 3797 256 3863 conferas
283 3797 371 3864 ctiam
397 3797 497 3865 Schol.
517 3796 554 3863 Il.
579 3797 700 3865 0324.
722 3798 759 3863 de
780 3819 853 3863 voce
874 3795 1015 3883 ἀμολγ”·
1048 3798 1079 3864 ολ
1099 3798 1133 3864 dc*
1152 3795 1290 3883 γλώσσσ-

115 3878 233 3968 γρόφοι
254 3880 380 3948 Ἀπίων
408 3885 458 3947 καλ
480 3879 659 3967 Ἡρόδωρος
683 3883 740 3965 τὴν
767 3879 876 3965 ἀκμήν.
924 3823 1013 3950 Addit
1039 3882 1078 3949 ad
1101 3879 1139 3949 ll.
1162 3884 1193 3948 Θ
1213 3883 1289 3967 555,

117 3967 169 4033 uhi
190 3973 433 4033 commemoratur
453 3968 537 4033 varia
557 3969 644 4034 lectio
666 3964 739 4055 φάει
759 3973 814 4051 νῆν
835 3967 916 4053 ἀμφὶ
938 3964 1066 4052 σελήνην
1085 3989 1140 4057 pio
1161 3967 1289 4054 φαεινὴν

118 4050 202 4138 ἀμφὶ
223 4049 351 4135 σελήνην
371 4053 471 4118 addita
491 4053 548 4118 hac
568 4061 655 4119 nom:
679 4057 782 4117 Τοῦτο
805 4053 838 4116 di
859 4054 983 4139 φέρεται
1004 4055 1036 4118 ἐν
1056 4051 1289 4131 τοΐςἈπίωνος

119 4139 171 4201 acl
188 4132 380 4223 Ἧροόιόρον.
424 4136 560 4203 Enstath.
581 4137 614 4204 in
633 4137 774 4203 IliadA.
788 4159 817 4227 p.
829 4139 882 4222 20,
902 4141 960 4204 28:
978 4136 1104 4204 Ἀπίων
1124 4141 1174 4202 καλ
1191 4134 1288 4221 ‘de-

122 4222 237 4309 δωρος,
270 4210 314 4287 ὧν
333 4222 461 4330 βιβλίον
487 4224 531 4300 εἰς
556 4222 596 4288 sd
620 4227 677 4287 τοῦ
693 4218 833 4330 Ὁμήρου
854 4221 995 4309 φέρεται·
1023 4224 1062 4288 Β.
1082 4245 1113 4312 p.
1133 4223 1209 4305 34⁰,
1229 4225 1286 4288 20:

122 4304 170 4372 Τό
196 4306 232 4372 dd
257 4307 427 4374 ποιλωκιιαν
442 4305 568 4374 Ἀπίων
591 4309 644 4373 ναὶ
659 4303 840 4394 Ἡροόωρος
859 4305 916 4373 οὐκ
940 4303 1072 4392 εὐλόγως
1092 4301 1288 4390 πριπαροξό·
