2768 4770
108 207 153 277 56
483 199 891 270 cornian'rfflonns

125 394 193 440 uam
215 372 390 441 difficillima
410 376 458 439 est
477 369 627 471 quaestio,
658 388 755 457 neque
774 369 807 435 in
827 367 997 459 praesentia
1021 368 1111 435 liceat
1129 369 1277 441 Bocchhii

128 458 292 525 octissimas
318 459 507 545 quaestiones
532 476 581 521 1ns
600 476 691 521 rcere.
737 454 807 542 Ego
834 455 950 541 quidem
975 476 1150 543 persuasum
1181 458 1284 530 haheo.

106 541 150 611 So
168 544 283 610 hoclern
302 543 447 633 principio
465 540 560 606 Samii
579 477 651 604 delii
676 539 865 621 interfuisse,
887 540 1027 604 archonte
1048 542 1128 606 enim
1140 540 1279 611 'l'irnocle

106 566 223 694 viditur
242 628 402 729 imperator
423 628 518 691 fadus
539 646 607 689 esse
628 647 693 690 eum
714 646 820 689 novem
841 624 981 709 reliquis,
1033 647 1137 691 uorum
1157 630 1279 695 nomina

107 711 340 779 commodissime
366 716 485 776 servato
512 715 581 773 sunt
607 730 626 773 a
652 708 820 775 Scholiasta
846 708 990 774 Aristidis
1012 645 1055 775 ii.
1075 710 1131 775 III.
1151 732 1183 802 p.
1204 712 1278 783 486.

108 796 155 863 ed.
166 796 306 862 Dindorf.
316 795 467 861 Aristides
488 794 567 859 enim
587 815 653 859 cunr
674 794 707 859 in
733 794 866 859 oratione
888 794 924 859 de
940 792 1026 867 Quat.
1049 793 1091 861 T.
1101 794 1142 861 II.
1152 818 1184 886 p.
1206 799 1278 867 ion

108 880 147 948 de
166 879 268 946 Samia
288 882 475 970 expeditione
500 880 575 944 hoec
602 879 685 943 dicit:
732 876 800 961 Οὐχ
826 868 915 954 οὗτος
941 875 957 942 ὃ
985 879 1134 962 μηδαμοῦ
1161 878 1279 949 noded-

108 966 172 1031 δειν
196 967 269 1044 ἐῶν,
300 968 349 1031 ἐπὶ
378 965 434 1046 μὲν
459 960 558 1050 Σάμῳ
588 962 716 1040 δέκατος
741 961 835 1039 αὐτὸς
859 969 1055 1049 στρατηγῶν,
1089 962 1173 1031 cinon
1202 964 1212 991 '
1242 994 1280 1047 ας

105 1049 179 1127 rode
208 1047 321 1126 ἄλλους
347 1047 486 1124 ἅπαντας
511 1049 702 1133 στρατηγοὺς
727 1050 779 1112 καλ
806 1048 906 1125 δείξας
935 1046 1033 1129 όνομα
1054 1045 1156 1127 ἄλλως
1172 985 1279 1133 mog,

107 1137 159 1200 καλ
178 1138 252 1212 rode
272 1136 411 1217 Σαμίους
431 1129 627 1215 καταστήσας
647 1136 689 1210 εἰς
713 1133 891 1220 πολιορκίαν
912 1131 969 1215 οὐχ
993 1130 1169 1217 ἡσοχόζοιν,
1205 1136 1277 1203 ἀλλ’

106 1219 239 1285 lentior
265 1220 351 1307 μέρει
370 1221 429 1284 τινὶ
450 1224 512 1282 τῶν
532 1224 607 1282 νεῶν
626 1219 675 1282 ἐπὶ
697 1219 820 1305 Καρίας
840 1219 892 1281 καλ
912 1217 991 1299 μετὰ
1010 1218 1101 1285 ταῦτ’
1124 1220 1279 1289 ἀπελθόν-

105 1329 159 1383 τος
185 1304 283 1370 αὗτοῦ
310 1299 533 1389 θαρρήσαντας
559 1305 727 1378 ἐπεξελθεῖν
753 1304 805 1368 καλ
831 1301 923 1367 πλέον
948 1299 1080 1385 σχόντας
1097 1310 1162 1371 τῶν
1183 1310 1280 1397 ἔφορ-

105 1386 467 1490 μοόντωνθολναστρέψας
497 1382 592 1488 αὖθις
618 1390 787 1493 καθείργων
814 1387 871 1464 ἕως
903 1384 1128 1497 παρεστήσατρ.
1175 1392 1280 1463 doctm

105 1471 739 1665 soccfllsrotrcolnutcld
756 1472 1189 1669 strictionis?
1213 1476 1281 1631 it

107 1643 1281 1837 iiiiiiniici‘}'ii'issripgmhidiip‘iffiiihiniviihhiiiihf‘iii

107 1812 269 1901 λόστρατος
283 1813 463 1900 Ἀχαρνενςι
488 1815 637 1898 mercorio
657 1807 818 1890 Μελιτεύς.
828 1814 859 1900 λ)
901 1812 945 1880 At
973 1822 1043 1881 snut
1062 1823 1127 1883 octo
1149 1826 1279 1891 tantmm

108 2003 146 2017 β’·
149 2006 189 2015 u·—
193 2003 410 2015 Ἀ-υ-αι--ι-ι

176 2116 205 2185 “)
239 2119 362 2173 Fuerunt
378 2136 469 2173 omnes
485 2117 514 2172 hi
530 2118 609 2172 daces
626 2134 661 2171 ex
673 2116 840 2175 nobilissimis
855 2119 975 2178 familiis:
992 2121 1123 2194 principes
1140 2126 1215 2183 anim
1230 2144 1282 2197 go-

109 2200 174 2239 nere
195 2190 224 2239 et
246 2185 385 2240 honestate
407 2187 487 2241 etiam
511 2192 575 2239 tunc
598 2186 695 2251 eligere
718 2190 850 2255 solebant,
883 2192 954 2260 qnod
986 2198 1080 2261 postea
1112 2198 1280 2261 neglecturus

109 2250 225 2320 grauiter
248 2254 300 2307 hoc
323 2255 411 2324 ipsum
428 2255 598 2323 conqueritur
612 2254 725 2338 Eupolis
741 2253 767 2309 in
782 2258 863 2324 Pagis
880 2260 951 2328 apud
968 2261 1113 2317 Stobaeum
1127 2264 1229 2319 XLIII.
1246 2264 1281 2325 θτ

244 2321 303 2372 Καὶ
318 2317 377 2392 μὴν
394 2320 407 2373 ἔ
427 2317 448 2371 oi
466 2322 578 2373 πολλῶν
594 2336 743 2392 παροντων
761 2319 807 2376 οὐκ
823 2325 878 2394 ἔχω
894 2330 923 2377 τί
937 2327 1020 2386 λέξω·

246 2383 324 2441 Οὗτοι
341 2382 399 2459 σφό
419 2385 444 2461 ρ’
465 2384 543 2459 ἀλγῶ
558 2384 607 2455 τὴν
624 2390 766 2441 πολιτείαν
782 2390 853 2465 λρῶν
869 2390 938 2465 παρ’
957 2389 1038 2464 ὑμῖν.

239 2452 279 2509 ‘H
298 2458 338 2516 εἷς
352 2451 409 2529 γὰρ
426 2452 479 2526 οὐχ
496 2450 566 2509 οὕτω
583 2457 650 2516 τέως
666 2452 795 2527 ᾠκοῦμεν
807 2462 835 2513 οἱ
851 2463 988 2530 γέροντες,

240 2518 249 2541 ⁸
287 2520 312 2576 λ’
333 2511 406 2588 ἦσαν
421 2519 438 2589 ἡ
464 2529 492 2577 ῖν
508 2525 540 2597 τῇ
555 2520 636 2577 πόλει
651 2524 764 2596 πρῶτον
780 2522 830 2592 μὲν
848 2529 876 2581 οἱ
893 2528 1044 2600 στρατηγοὶ

240 2587 288 2645 Ἐκ
304 2591 360 2643 τῶν
375 2607 432 2663 μεγ
443 2604 517 2643 στοιν
533 2591 628 2644 οἰκιῶν
644 2586 754 2659 πλοότῳ
771 2594 846 2662 γένει
860 2593 892 2648 δὲ
909 2598 1024 2669 πρῶτον,

247 2650 297 2718 Οἷς
312 2654 433 2727 ῶσπερελ
447 2662 558 2712 θεοῖσιν
574 2653 749 2730 εὐχόμεσθα·
773 2661 821 2711 καλ
837 2659 886 2734 μὰρ
903 2652 985 2730 ἦσαν,

237 2718 319 2779 'tior‘
340 2722 475 2796 ἀσφαλῶς
489 2721 677 2799 ἐπράττομεν·
695 2728 761 2780 νυνὶ
777 2723 804 2779 δ’
825 2727 887 2781 ὅποι
904 2727 1037 2803 τύχοιμεν

243 2792 472 2868 Στρατευόμεσθ’
490 2790 655 2867 αἱρούμενοι
670 2788 839 2866 καθάρματα
857 2800 1031 2870 στρατηγούς.

108 2862 264 2933 Eodemque
279 2863 359 2917 modo
374 2864 404 2915 in
420 2862 535 2915 Urbibus
552 2880 594 2933 ap.
612 2862 708 2917 Athen.
726 2865 761 2916 Χ.
779 2882 807 2933 p.
826 2862 885 2917 Iro.
899 2871 937 2921 A:

247 2923 303 2989 ote
319 2926 347 2982 δ’
369 2928 419 2982 οὐκ
437 2923 475 2982 όν
491 2928 593 2983 εἵλεσθ’
615 2926 677 2983 οὐδ’
698 2923 736 2982 ἂν
753 2925 884 2992 οἰνόπτας
895 2930 950 3008 πρό
967 2935 1023 3002 τοῦ,

242 2996 319 3050 Νυνὶ
334 2993 502 3067 στρατηγοὺς
517 2997 634 3068 ἔχομεν·
653 2985 675 3048 oi
692 2993 779 3063 πόλις,
797 2990 885 3066 πόλις,

243 3060 292 3125 Ὡς
307 3062 371 3118 εὐτυ
390 3060 422 3131 ὴς
437 3057 465 3117 εἶ
474 3066 585 3146 μᾶλλον
601 3060 619 3131 ἢ
636 3066 725 3124 καλῶς
740 3070 864 3135 φρονεῖς.

109 3133 239 3191 Similiter
260 3083 450 3204 Aristopiienes
471 3150 501 3186 1n
524 3134 607 3186 Ranis
633 3134 807 3187 calamitatem
829 3136 921 3191 ducun
942 3138 1049 3191 illorum
1072 3139 1107 3193 ad
1129 3140 1279 3209 Argiuum

108 3201 209 3257 insulas
234 3218 277 3256 res
295 3201 377 3254 iciens
400 3202 570 3270 conqueritur
589 3218 615 3255 u.
632 3202 684 3255 708
701 3230 734 3241 -
750 3203 802 3255 716
819 3209 846 3255 et
867 3206 947 3269 magis
964 3207 1044 3260 etiam
1060 3207 1089 3260 in
1112 3210 1281 3280 antepirrhe-

109 3277 181 3325 mate
197 3286 223 3324 τ.
241 3271 259 3324 7
308 3299 343 3309 -
359 3268 420 3336 m,
436 3287 506 3339 quae
522 3270 574 3322 illis
590 3270 745 3340 Eupolideis
763 3277 826 3323 sunt
842 3271 979 3327 simillima.
1010 3277 1063 3329 Sed
1074 3276 1138 3330 illuc
1149 3286 1279 3333 revertar·

109 3340 232 3393 Socrates
247 3337 426 3405 Anagyrasius
443 3338 548 3391 videtur
563 3338 633 3390 lilius
651 3355 709 3391 esse
725 3338 879 3407 Antigenis‚
897 3340 943 3407 qni
955 3343 1060 3411 quidem
1076 3346 1202 3399 Socrates
1218 3364 1281 3401 rnr-

108 3423 156 3461 sus
179 3406 232 3460 fuit
252 3406 330 3459 initio
354 3406 416 3458 belli
432 3406 651 3473 Peloponnesiaci
673 3412 794 3476 praetor,
825 3407 878 3462 uid.
897 3409 1012 3476 Thucyd.
1031 3414 1064 3464 il.
1082 3412 1129 3465 23:
1159 3410 1228 3467 Ἐστ

109 3466 848 3610 celsithroni{fortunionis
863 3471 1279 3603 igidhnrhcron

110 3616 138 3664 et
159 3610 247 3680 ipsum
269 3614 336 3678 puto
360 3608 523 3662 Thurioram
545 3608 664 3662 coloniae
681 3609 835 3679 participem
852 3611 946 3666 fnisse:
975 3615 1091 3668 Pericles
1113 3588 1186 3669 enini
1229 3628 1280 3673 unc

109 3684 142 3733 ut
158 3678 224 3731 ahos
241 3677 343 3729 nobiles
359 3677 535 3731 Athenienses
552 3677 656 3729 videtur
673 3679 892 3733 commovissent
914 3682 973 3736 illuc
995 3683 1094 3737 abiret:
1128 3683 1192 3739 irinc
1213 3686 1281 3741 Pla-

110 3745 216 3801 tarchus
232 3744 262 3797 in
277 3745 333 3798 rita
347 3745 505 3800 Andocidis:
541 3740 588 3797 τὸν
605 3742 637 3796 δὲ
655 3743 746 3814 δῆμον
762 3745 970 3812 Κυδαθηναιεὺς
986 3747 1004 3815 ἢ
1024 3749 1156 3822 Θούριος,
1178 3754 1281 3821 γένους

110 3810 481 3936 όλλῖόδῖἔλλῗλιλλῗ
496 3812 917 3951 ἕλΐῗέἷλῗλοῗλῗλθὲιλὲλῗ
932 3814 1282 3945 tritissimi

128 3954 232 4003 rector:
265 3964 356 4002 rursus
380 3951 449 4002 bello
473 3950 622 4015 Corcyraeo
647 3950 752 4015 Olym.
776 3951 920 4005 LXXXVI.
938 3954 963 4008 2.
979 3955 1105 4007 archonte
1120 3956 1282 4013 Antiochida

110 3968 162 4073 init
177 4022 298 4097 praetor,
315 4017 368 4070 vid.
386 4017 507 4083 Thnsyd.
525 4020 546 4076 1.
563 4016 680 4096 ὁ1;,ἀὶ
702 3968 789 4068 adcon
810 4020 873 4084 νῆες
895 4021 925 4071 αἱ
941 4017 996 4074 ἀπὸ
1014 4022 1068 4073 τῶν
1080 4018 1212 4088 Ἀθηνῶν
1227 4014 1283 4078 αό-

111 4104 172 4152 ται,
203 4072 243 4137 ὧν
259 4100 326 4155 ηρχε
344 4083 477 4137 Παιόνων
494 4101 521 4136 τε
540 4079 556 4137 ό
573 4086 707 4155 Λεαγρου
724 4085 773 4136 καὶ
784 4082 943 4154 Ἀνδοκίδης
960 4085 973 4142 ό
991 4082 1154 4161 Λεωγόρου.
1192 4092 1284 4149 creon

113 4154 171 4224 quis
188 4152 269 4206 fuerit
284 4155 394 4219 ignoro,
410 4152 494 4206 nobili
509 4169 572 4206 uero
590 4169 687 4217 genere
704 4157 731 4205 et
747 4153 806 4223 ipse
820 4156 946 4209 oriundus
962 4158 1075 4213 videtur.
1111 4158 1216 4215 Glauco
1233 4180 1284 4215 au-

111 4228 166 4276 tem
188 4227 229 4274 est
251 4222 322 4274 idem
349 4221 394 4273 ille
422 4221 520 4286 Leagn'
545 4221 633 4289 filius,
666 4220 713 4289 qui
734 4227 825 4291 postea
841 4241 945 4295 quoqne
962 4228 1030 4278 bello
1047 4227 1199 4291 Corcyraeo
1222 4246 1284 4285 cunr

111 4290 247 4345 Andocide
269 4288 320 4344 luit
340 4294 457 4359 praetor,
478 4289 531 4345 rid.
555 4288 737 4357 Thucydidem
759 4306 793 4346 co
814 4294 887 4362 loco,
908 4310 986 4364 quern
1009 4293 1072 4349 dini.
1107 4294 1177 4351 Erat
1193 4304 1285 4355 autern
