2768 4770
176 171 233 195 '⁴
330 190 1059 271 nnuuuro.couono.·uro.·uur1o.
1212 198 1277 266 auo

102 360 217 427 Atticis
237 360 371 510 qylcniore
392 360 556 425 formonsi
577 360 775 444 suntAttici,
803 363 844 427 uti
866 321 912 428 esl
932 363 1026 428 lnscr.
1049 363 1122 445 158,
1144 384 1218 448 quae
1239 364 1277 431 ad

104 445 227 534 Olymlp.
257 445 283 510 Ὶ
304 447 444 532 pertinet:
462 444 636 527 Ὑψοκλέης
648 448 773 526 Δήλιος,
783 447 988 531 Ἀγασικλέης
1000 445 1125 529 Δήλιος,
1147 452 1277 533 Πατρο-

104 531 197 610 κλέης
211 527 336 611 Λῆλιος.
366 528 541 613 Ἀγακλέης
557 528 746 611 Ὑψοκλέοος
767 530 886 613 Τῆνιος,
903 531 1080 615 Ὕψοκλέης
1104 532 1276 617 Θεογνήτου

104 613 235 697 Δήλιος.
268 621 298 678 et
322 614 523 699 Ποτροκλέης
541 613 755 692 Ἐπισθένους,
788 618 837 702 qui
868 618 945 682 idem
972 618 1035 683 luit.
1054 617 1171 682 Delius·
1215 617 1277 684 Sed
1378 645 1380 651 ⁴

104 720 138 764 ιι.
160 700 224 764 150
247 694 398 784 Ἱεροκλῆς
422 701 599 781 Φασηλίτης
618 700 738 788 legitur.
779 700 816 766 In
842 723 901 766 una
928 701 1025 786 aliqua
1045 702 1145 767 Attica
1170 702 1277 766 inscri-

105 784 219 873 ptione,
239 804 313 868 quae
325 790 392 870 post
407 782 559 849 Euclidem
580 794 626 848 est
641 787 784 862 confecta,
806 786 843 850 ad
855 787 1077 868 Demosthenis,
1099 794 1130 850 ut
1150 788 1276 869 videtur,

105 873 234 934 aetatem
260 867 436 948 reiicienda,
464 876 494 933 et
514 871 687 952 Μενεκλέης
713 877 742 934 et
772 873 958 953 Κλησικλῆς,
987 871 1141 954 Ξενοκλῆς
1166 871 1276 959 legitur

107 959 139 1018 et
158 975 189 1016 ιι.
212 952 274 1017 107
294 953 349 1016 hoc
369 953 465 1039 ipsum
486 953 660 1037 Χαρικλέης
680 955 834 1042 reperitur.
875 955 988 1020 Poetae
1009 976 1081 1021 vero
1107 976 1160 1044 pro
1189 956 1276 1021 metri

106 1038 305 1117 necessitate,
333 1038 414 1100 cuins
436 1037 561 1102 vinculis
588 1039 736 1103 constricti
758 1041 949 1120 tenebantur,
976 1040 1062 1104 modo
1087 1041 1165 1104 hanc
1189 1041 1276 1106 modo

107 1122 191 1187 illam
216 1122 340 1186 formam
362 1121 558 1203 admiserunt3
588 1123 646 1205 ita,
668 1129 698 1187 ut
718 1124 859 1188 diremtue
881 1132 991 1188 tantum
1011 1125 1125 1190 formae
1146 1131 1276 1190 etrecto

128 1205 227 1271 uidem
248 1227 317 1271 casn
337 1206 473 1293 exempla
494 1206 628 1290 afferam,
650 1207 791 1277 Cratinus
811 1208 845 1273 in
860 1208 1005 1274 Thressis
1027 1232 1045 1274 a
1064 1210 1104 1275 nd
1123 1210 1203 1274 Pluc
1224 1211 1276 1274 vit.

107 1229 220 1357 herici.
242 1313 266 1355 c.
291 1291 347 1356 10:
374 1291 551 1374 Περικλέης.
578 1292 712 1377 idemque
733 1294 765 1357 in
785 1294 953 1443 frasgmento
975 1315 1014 1358 ex
1036 1232 1095 1358 alia
1114 1294 1277 1379 antiquiore

106 1375 211 1440 fabola
236 1375 324 1456 ibid,
345 1383 375 1439 et
399 1376 567 1458 Φιλοκλέης
595 1378 673 1464 apud
698 1377 798 1441 Schol.
845 1379 958 1466 ophocl.
979 1379 1124 1466 Antigon.
1152 1401 1180 1442 v.
1202 1380 1277 1460 loa,

107 1458 234 1548 Eupolis
260 1459 461 1542 Πανιακλέης
488 1460 565 1549 apud
594 1461 693 1525 Schol.
714 1462 809 1527 Arist.
832 1462 911 1527 Rau.
935 1463 1032 1544 1068,
1060 1462 1277 1550 Aristophanes

106 1543 278 1626 Περικλέης
298 1545 513 1626 Ασλιιιιιι.513,
529 1542 694 1627 Ἱεροκλέης
715 1545 786 1610 Pac.
800 1549 893 1628 1057,
915 1547 1093 1631 Σοφοκλέης
1112 1548 1276 1629 Ran.787‚

108 1628 277 1708 Ξενοκλέης
297 1629 375 1693 Ren.
396 1631 450 1710 87,
471 1629 604 1693 Thesmo
625 1631 689 1694 hor.
711 1633 784 1711 169,
808 1631 975 1711 Φιλοκλέης
997 1631 1180 1720 Thesmoph.
1198 1633 1276 1711 1693

107 1713 300 1800 Phrynichus
333 1714 511 1797 Σοφοκλέης
542 1651 623 1778 aud
652 1722 762 1778 auctor.
789 1736 904 1801 argum.
928 1715 1018 1803 Soph.
1041 1716 1114 1781 0ed.
1143 1715 1277 1781 Colonei.

107 1797 211 1883 ltaque
243 1820 303 1863 non
335 1798 465 1861 dubitavi
490 1799 522 1860 in
553 1735 716 1862 'l'elechdis
749 1819 836 1862 versu
865 1800 1086 1883 Χαρικλέης
1116 1801 1277 1886 corrigere.
1338 1854 1342 1860 .

106 1882 166 1946 Est
187 1891 282 1947 autem
304 1883 352 1946 hic
373 1882 424 1945 illo
447 1881 687 1966 Charicles,·qni
709 1883 825 2032 Olympo.
846 1882 928 1948 XCI.
951 1887 971 1948 2
993 1884 1029 1947 de
1055 1885 1093 1947 iis
1114 1885 1277 1969 inquisivit,

107 1968 159 2053 qni
179 1967 297 2031 hermas
318 1967 499 2036 mutilavisse
521 1973 551 2030 et
571 1967 714 2053 mysteria
734 1989 786 2055 pro
801 1989 908 2032 anasse
930 1970 1144 2054 arguebantur,
1170 1969 1277 2056 populo

107 2052 189 2118 enim
211 2052 283 2115 satis
312 2059 415 2138 gratus
435 2059 629 2139 acceptusque
649 2052 719 2116 luit:
750 2053 807 2118 vid.
828 2052 997 2117 Andocides
1020 2053 1056 2117 de
1077 2060 1198 2138 myster.
1219 2055 1276 2118 36:

103 2134 229 2212 Ἐπειδὴ
251 2135 403 2199 δὲταῦτα
425 2137 552 2219 ίγένετο,
574 2138 767 2220 Πείσανδρος
787 2139 837 2200 καὶ
858 2140 1017 2221 Χαρικλῆς
1039 2135 1121 2212 ὅντες
1141 2138 1196 2218 μέν
1217 2144 1278 2200 τῶν

107 2222 263 2302 ζητητῶν,
298 2221 456 2295 δοκοῦντες
478 2220 509 2284 d'
535 2223 567 2285 έν
595 2223 695 2308 έκείνφ
716 2228 760 2308 τῷ
786 2219 887 2306 χρόνῳ
915 2220 1111 2286 εὐνούστατοι
1139 2219 1276 2308 εἶναιτῷ

106 2303 215 2389 (λη’μηι,
237 2302 352 2388 ἔλεγον,
381 2302 422 2381 ὡς
443 2304 487 2389 εἴη
516 2305 555 2369 ad
577 2303 650 2391 έργα
671 2306 710 2370 τά
736 2309 914 2390 γεγενημένα
937 2305 991 2370 οὐκ
1019 2305 1127 2391 ὀλίγων
1147 2305 1277 2389 ἀνδρῶν,

106 2387 183 2454 ἀλλ’
209 2389 256 2453 ε’πλ
277 2395 332 2453 τοῦ
355 2387 455 2472 δῆμου
476 2388 656 2466 καταλύσει,
678 2393 728 2453 καλ
747 2397 858 2476 χρῆναι
880 2390 922 2455 έτι
945 2393 1041 2482 ζητεῖν
1060 2395 1111 2456 καὶ
1132 2391 1176 2474 μῆ
1198 2389 1278 2454 παύ·

107 2478 240 2540 σασθαι.
282 2474 364 2538 Idem
386 2475 569 2562 olympiadis
590 2474 663 2539 XCI
685 2496 761 2539 anno
789 2487 890 2560 quarto
921 2476 978 2539 suit
998 2488 1131 2564 praetor,
1164 2484 1278 2541 etcum

107 2559 236 2646 triginta
268 2559 435 2623 triremibus
462 2560 570 2623 missus
598 2565 658 2637 est,
701 2560 804 2706 quihus
831 2559 1134 2624 Lacedaemoniorum
1169 2567 1278 2625 terram

107 2644 296 2724 devastaret,
328 2644 387 2708 vid.
409 2643 559 2708 Diodorus
581 2642 621 2708 L.
642 2641 701 2706 Xll
721 2691 728 2708 .
750 2646 786 2709 9:
823 2641 983 2724 Ἀθηναῖοι
1005 2644 1039 2708 δέ
1059 2647 1126 2730 περὶ
1147 2645 1203 2724 μέν
1223 2645 1279 2724 τὴν

106 2726 298 2813 Λακωνικὴν
318 2724 480 2812 τριάκοντα
502 2725 633 2812 τριήρεις
654 2728 841 2805 ἀπέστειλαν,
863 2731 912 2791 καὶ
925 2729 1086 2813 Χαρικλέα
1098 2726 1278 2812 στρατηγόν.

109 2811 163 2882 (ll.
175 2810 369 2898 Thucydides
390 2813 430 2877 L.
442 2811 511 2882 Vll.
531 2815 588 2877 20:
610 2814 693 2894 Περί
711 2837 743 2876 τε
764 2813 1000 2896 Πελοπόννησον
1020 2819 1096 2889 ναῦς
1115 2812 1279 2899 τριάκοντα

108 2894 248 2961 ἔστειλαν
269 2898 319 2958 καὶ
336 2897 495 2980 Χαρικλέα
516 2895 569 2961 τὸν
584 2894 819 2981 Ἀπολλοδώρου
841 2895 984 2982 ἀρχοντοι,
1007 2888 1033 2985 ᾧ
1054 2899 1154 2984 εἴρητο
1177 2899 1226 2960 καὶ
1248 2898 1279 2971 ές

100 2979 215 3062 Ἄργος
236 2978 410 3067 ἀφικομένῳ
421 2980 499 3044 κατά
516 2981 552 3045 τὸ
564 2980 754 3062 ’ξυμμαχικὸν
768 2982 1101 3069 παρακαλεΐνἈργείανν
1110 3007 1142 3047 τε
1155 2981 1280 3056 ὁπλίτας

108 3067 161 3130 int
184 3063 239 3139 τὰς
259 3071 342 3140 ναῦς,
357 3069 413 3129 ,καὶ
435 3065 707 3150 τὸνίίημοσθένην
727 3068 758 3142 ές
779 3066 834 3149 τὴν
850 3069 998 3145 Σικελίαν,
1021 3065 1121 3149 ὥσπερ
1143 3065 1278 3149 έζαελλον,

109 3148 358 3215 ἀπέστελλον-
388 3150 487 3234 είρητο
516 3150 548 3214 d’
578 3149 662 3237 αύτῷ
684 3158 805 3233 πρῶτον
824 3150 901 3232 μετὰ
922 3157 978 3216 τοῦ
1000 3152 1192 3236 Χαρικλέους
1213 3148 1280 3229 ἅμα

109 3234 311 3319 περιπλέοντα
333 3231 589 3319 ξυστρατεύεσθαι
612 3237 678 3317 περὶ
699 3236 754 3317 τὴν
770 3236 971 3316 Λακωνικήν·
993 3238 1043 3299 καὶ
1066 3233 1082 3299 ὃ
1103 3236 1159 3316 μέν
1169 3237 1281 3315 Δημο-

109 3317 227 3398 σθένης
253 3322 294 3394 εἰς
320 3318 375 3398 τὴν
395 3320 525 3403 Αἴγιναν
552 3318 697 3396 πλεύσας,
724 3327 780 3384 τοῦ
802 3317 1029 3404 στρατεύματύς
1054 3345 1085 3387 τε
1107 3320 1138 3383 εί
1153 3345 1182 3384 τι
1207 3317 1282 3384 ύπε-

108 3405 244 3479 λείπετο,
271 3404 439 3488 περιέμενε,
471 3407 520 3468 καὶ
547 3403 601 3469 τὸν
626 3405 785 3490 Χαρικλέα
809 3405 883 3480 τοὺς
905 3405 1055 3489 Ἀργείους
1081 3410 1281 3491 παραλαβεῖν.

110 3488 192 3561 Quid
220 3487 373 3553 Charicles
407 3498 464 3552 tum
520 3491 649 3571 asserit,
692 3490 776 3554 docet
804 3490 882 3554 idem
909 3491 1048 3576 Thucyd.
1077 3489 1119 3556 L.
1139 3489 1208 3560 Vll.
1230 3491 1282 3555 26.

109 3571 239 3640 Videtur
265 3581 361 3637 antem
389 3511 559 3654 Charieis,
593 3576 641 3659 qui
668 3583 755 3639 antea
782 3575 941 3640 acerrimus
968 3575 1104 3639 licentiae
1132 3574 1281 3664 popularis

110 3658 213 3724 suerat
231 3657 357 3736 vindex,
384 3665 488 3746 postea
519 3659 555 3723 ad
577 3660 756 3747 optimatium
781 3668 879 3747 portes
907 3682 940 3724 sc
962 3659 1160 3748 applicuisse,
1186 3659 1282 3747 suspi-

111 3761 222 3824 corque
242 3742 323 3805 illum
336 3742 477 3806 Pisandri
498 3744 583 3807 amici
604 3743 767 3831 exemplum
789 3753 918 3809 secutum
940 3767 1007 3809 esse
1029 3751 1058 3809 et
1077 3745 1110 3809 in
1130 3765 1280 3807 numerum

111 3826 394 3913 quadringentorum
415 3834 563 3913 receptum
589 3828 696 3894 luisse:
740 3828 844 3894 videor
871 3830 943 3893 mihi
968 3830 1024 3893 hoc
1044 3829 1093 3893 vel
1120 3850 1159 3891 ex
1179 3826 1283 3892 Ando-

112 3910 190 3976 cidis
218 3919 291 3975 orat.
313 3911 349 3974 de
377 3911 527 3997 mysteriis
550 3911 610 3977 101
633 3913 792 3999 colligere,
820 3914 870 3978 uhi
897 3916 970 3979 satis
996 3934 1140 4012 superque
1162 3919 1283 4001 apparot

112 3994 294 4076 Chariclen,
311 4016 375 4059 cum
388 4001 468 4060 esset
478 4018 553 4059 nnus
564 3997 601 4060 de
614 3999 737 4084 triginta
749 3998 834 4080 viris,
845 4000 918 4062 satis
932 3998 1088 4062 crudehter
1099 4007 1283 4084 persecutum

113 4099 257 4159 esseeos,
279 4080 327 4163 qui
345 4081 623 4168 quadringentorum
637 4082 812 4147 dominatum
833 4104 894 4146 nou
906 4083 1100 4148 adiuvissent:
1123 4082 1193 4146 dicit
1206 4083 1284 4146 onim

112 4165 171 4228 ibi:
209 4160 355 4246 Ἀνέκρινε
377 4165 408 4226 d'
433 4162 471 4228 ἀν
490 4191 528 4245 με
549 4166 594 4241 τίς
615 4163 707 4241 ἀλλος
728 4165 747 4248 ἢ
768 4171 943 4250 Χαρικλῆς,
965 4163 1101 4250 έρωτιῖιν,
1123 4165 1202 4230 Εἰπέ
1220 4191 1283 4243 μοι.

68 4331 69 4334 ¹
111 4241 334 4331 ὦἈνδοκίάη,
377 4241 471 4333 ἦλθες
497 4253 539 4326 είς
559 4252 722 4319 Δεκέλειαν
748 4256 800 4319 καὶ
828 4253 1011 4335 ἐπετείχισας
1030 4257 1068 4341 τῇ
1096 4253 1218 4339 πατρίδι
1245 4251 1284 4336 η’
