<?xml version="1.0" encoding="UTF-8"?>
<!DOCTYPE html PUBLIC "-//W3C//DTD XHTML 1.0 Transitional//EN"
    "http://www.w3.org/TR/xhtml1/DTD/xhtml1-transitional.dtd">
<html xmlns="http://www.w3.org/1999/xhtml" xml:lang="en" lang="en">
 <head>
  <title>
</title>
<meta http-equiv="Content-Type" content="text/html;charset=utf-8" />
  <meta name='ocr-system' content='tesseract 3.04.00' />
  <meta name='ocr-capabilities' content='ocr_page ocr_carea ocr_par ocr_line ocrx_word'/>
</head>
<body>
  <div class='ocr_page' id='page_1' title='image "./commentationumd00berggoog_0159.png"; bbox 0 0 2760 4792; ppageno 0'>
   <div class='ocr_carea' id='block_1_1' title="bbox 311 156 1255 286">
    <p class='ocr_par' dir='ltr' id='par_1_1' title="bbox 311 156 1255 286">
     <span class='ocr_line' id='line_1_1' title="bbox 311 156 1255 286; baseline 0.013 -16"><span class='ocrx_word' id='word_1_1' title='bbox 311 203 372 270; x_wconf 88' lang='lat' dir='ltr'>nn</span> <span class='ocrx_word' id='word_1_2' title='bbox 392 201 535 280; x_wconf 81' lang='lat' dir='ltr'>annm.</span> <span class='ocrx_word' id='word_1_3' title='bbox 557 203 743 273; x_wconf 87' lang='lat' dir='ltr'>cououn.</span> <span class='ocrx_word' id='word_1_4' title='bbox 764 156 1038 286; x_wconf 59' lang='lat' dir='ltr'>svesamma.</span> <span class='ocrx_word' id='word_1_5' title='bbox 1193 213 1255 282; x_wconf 82' lang='lat' dir='ltr'>oa</span> 
     </span>
    </p>
   </div>
   <div class='ocr_carea' id='block_1_2' title="bbox 67 367 1256 3328">
    <p class='ocr_par' dir='ltr' id='par_1_2' title="bbox 173 367 1055 461">
     <span class='ocr_line' id='line_1_2' title="bbox 173 367 1055 461; baseline 0.008 -26"><span class='ocrx_word' id='word_1_6' title='bbox 173 367 357 453; x_wconf 83' lang='grc' dir='ltr'><strong><em>Κισσόχιιιτ’</em></strong></span> <span class='ocrx_word' id='word_1_7' title='bbox 380 368 471 451; x_wconf 84' lang='grc' dir='ltr'><strong><em>άναξ,</em></strong></span> <span class='ocrx_word' id='word_1_8' title='bbox 492 369 583 436; x_wconf 86' lang='grc' dir='ltr'><strong><em>άκουε</em></strong></span> <span class='ocrx_word' id='word_1_9' title='bbox 603 371 660 437; x_wconf 88' lang='grc' dir='ltr'><strong><em>τάν</em></strong></span> <span class='ocrx_word' id='word_1_10' title='bbox 680 372 758 452; x_wconf 77' lang='grc' dir='ltr'><strong><em>ίμάν</em></strong></span> <span class='ocrx_word' id='word_1_11' title='bbox 777 370 903 457; x_wconf 81' lang='grc' dir='ltr'><em>Δώριον</em></span> <span class='ocrx_word' id='word_1_12' title='bbox 920 377 1055 461; x_wconf 85' lang='grc' dir='ltr'><strong><em>χορείαν.</em></strong></span> 
     </span>
    </p>

    <p class='ocr_par' dir='ltr' id='par_1_3' title="bbox 81 454 1256 968">
     <span class='ocr_line' id='line_1_3' title="bbox 85 454 1256 550; baseline 0.007 -28"><span class='ocrx_word' id='word_1_13' title='bbox 85 454 151 522; x_wconf 80' lang='lat' dir='ltr'>seu</span> <span class='ocrx_word' id='word_1_14' title='bbox 176 455 253 521; x_wconf 82' lang='lat' dir='ltr'><strong>nihil</strong></span> <span class='ocrx_word' id='word_1_15' title='bbox 270 477 420 539; x_wconf 84' lang='lat' dir='ltr'>necesse,</span> <span class='ocrx_word' id='word_1_16' title='bbox 455 466 488 522; x_wconf 95' lang='lat' dir='ltr'>ut</span> <span class='ocrx_word' id='word_1_17' title='bbox 518 456 593 521; x_wconf 89' lang='lat' dir='ltr'>haec</span> <span class='ocrx_word' id='word_1_18' title='bbox 620 458 658 522; x_wconf 91' lang='lat' dir='ltr'>ad</span> <span class='ocrx_word' id='word_1_19' title='bbox 686 458 879 547; x_wconf 86' lang='lat' dir='ltr'>Ecpbantidis</span> <span class='ocrx_word' id='word_1_20' title='bbox 910 462 1076 527; x_wconf 77' lang='lat' dir='ltr'><strong>comoedias</strong></span> <span class='ocrx_word' id='word_1_21' title='bbox 1107 465 1256 550; x_wconf 88' lang='lat' dir='ltr'>pertinere</span> 
     </span>
     <span class='ocr_line' id='line_1_4' title="bbox 83 541 1255 630; baseline 0.009 -26"><span class='ocrx_word' id='word_1_22' title='bbox 83 561 246 628; x_wconf 79' lang='lat' dir='ltr'>negemus:</span> <span class='ocrx_word' id='word_1_23' title='bbox 276 542 391 630; x_wconf 89' lang='lat' dir='ltr'>priscae</span> <span class='ocrx_word' id='word_1_24' title='bbox 412 542 490 607; x_wconf 90' lang='lat' dir='ltr'>enim</span> <span class='ocrx_word' id='word_1_25' title='bbox 520 541 687 607; x_wconf 88' lang='lat' dir='ltr'>comoediae</span> <span class='ocrx_word' id='word_1_26' title='bbox 713 544 785 608; x_wconf 89' lang='lat' dir='ltr'>baec</span> <span class='ocrx_word' id='word_1_27' title='bbox 806 546 863 608; x_wconf 89' lang='lat' dir='ltr'>luit</span> <span class='ocrx_word' id='word_1_28' title='bbox 882 547 974 628; x_wconf 88' lang='lat' dir='ltr'>ratio,</span> <span class='ocrx_word' id='word_1_29' title='bbox 1004 554 1037 610; x_wconf 92' lang='lat' dir='ltr'>ut</span> <span class='ocrx_word' id='word_1_30' title='bbox 1056 549 1203 614; x_wconf 79' lang='lat' dir='ltr'>cantilena</span> <span class='ocrx_word' id='word_1_31' title='bbox 1222 551 1255 614; x_wconf 90' lang='lat' dir='ltr'>in</span> 
     </span>
     <span class='ocr_line' id='line_1_5' title="bbox 84 624 1255 718; baseline 0.008 -28"><span class='ocrx_word' id='word_1_32' title='bbox 84 624 297 690; x_wconf 39' lang='lat' dir='ltr'>deiebouorem</span> <span class='ocrx_word' id='word_1_33' title='bbox 319 634 513 692; x_wconf 83' lang='lat' dir='ltr'>caneretura</span> <span class='ocrx_word' id='word_1_34' title='bbox 534 627 639 708; x_wconf 91' lang='lat' dir='ltr'>choro,</span> <span class='ocrx_word' id='word_1_35' title='bbox 671 627 923 715; x_wconf 90' lang='lat' dir='ltr'>adiicerenturque</span> <span class='ocrx_word' id='word_1_36' title='bbox 951 631 1093 696; x_wconf 90' lang='lat' dir='ltr'>iocularia</span> <span class='ocrx_word' id='word_1_37' title='bbox 1113 634 1255 718; x_wconf 83' lang='lat' dir='ltr'>quaedam</span> 
     </span>
     <span class='ocr_line' id='line_1_6' title="bbox 83 709 1254 801; baseline 0.009 -28"><span class='ocrx_word' id='word_1_38' title='bbox 83 730 121 773; x_wconf 79' lang='lat' dir='ltr'>ac</span> <span class='ocrx_word' id='word_1_39' title='bbox 141 709 255 774; x_wconf 84' lang='lat' dir='ltr'>ludicra</span> <span class='ocrx_word' id='word_1_40' title='bbox 275 710 369 786; x_wconf 74' lang='lat' dir='ltr'>elicta,</span> <span class='ocrx_word' id='word_1_41' title='bbox 396 712 494 796; x_wconf 86' lang='lat' dir='ltr'>qualia</span> <span class='ocrx_word' id='word_1_42' title='bbox 521 713 601 775; x_wconf 88' lang='lat' dir='ltr'>servi</span> <span class='ocrx_word' id='word_1_43' title='bbox 630 712 727 776; x_wconf 81' lang='lat' dir='ltr'><strong>solent</strong></span> <span class='ocrx_word' id='word_1_44' title='bbox 747 735 877 801; x_wconf 79' lang='lat' dir='ltr'>crepare.</span> <span class='ocrx_word' id='word_1_45' title='bbox 920 712 1025 780; x_wconf 82' lang='lat' dir='ltr'>Altero</span> <span class='ocrx_word' id='word_1_46' title='bbox 1046 723 1143 782; x_wconf 86' lang='lat' dir='ltr'>autem</span> <span class='ocrx_word' id='word_1_47' title='bbox 1166 739 1254 784; x_wconf 84' lang='lat' dir='ltr'>versu</span> 
     </span>
     <span class='ocr_line' id='line_1_7' title="bbox 83 791 1253 886; baseline 0.007 -26"><span class='ocrx_word' id='word_1_48' title='bbox 83 791 228 860; x_wconf 80' lang='lat' dir='ltr'>Cratinus</span> <span class='ocrx_word' id='word_1_49' title='bbox 250 795 368 858; x_wconf 90' lang='lat' dir='ltr'>chorum</span> <span class='ocrx_word' id='word_1_50' title='bbox 383 796 461 860; x_wconf 84' lang='lat' dir='ltr'>¹facit</span> <span class='ocrx_word' id='word_1_51' title='bbox 482 797 632 881; x_wconf 82' lang='lat' dir='ltr'>conqueri,</span> <span class='ocrx_word' id='word_1_52' title='bbox 653 796 729 881; x_wconf 95' lang='lat' dir='ltr'>quod</span> <span class='ocrx_word' id='word_1_53' title='bbox 744 799 921 863; x_wconf 84' lang='lat' dir='ltr'>necessitate</span> <span class='ocrx_word' id='word_1_54' title='bbox 942 808 1059 867; x_wconf 86' lang='lat' dir='ltr'>coactus</span> <span class='ocrx_word' id='word_1_55' title='bbox 1079 802 1129 886; x_wconf 81' lang='lat' dir='ltr'>sit,</span> <span class='ocrx_word' id='word_1_56' title='bbox 1150 823 1253 868; x_wconf 88' lang='lat' dir='ltr'>omues</span> 
     </span>
     <span class='ocr_line' id='line_1_8' title="bbox 81 877 1185 968; baseline 0.005 -26"><span class='ocrx_word' id='word_1_57' title='bbox 81 877 217 960; x_wconf 81' lang='lat' dir='ltr'>fabulas,</span> <span class='ocrx_word' id='word_1_58' title='bbox 240 879 288 943; x_wconf 92' lang='lat' dir='ltr'>vel</span> <span class='ocrx_word' id='word_1_59' title='bbox 308 879 470 968; x_wconf 85' lang='lat' dir='ltr'>pessimas,</span> <span class='ocrx_word' id='word_1_60' title='bbox 493 901 600 967; x_wconf 78' lang='lat' dir='ltr'>agere:</span> <span class='ocrx_word' id='word_1_61' title='bbox 1183 926 1185 930; x_wconf 93' lang='lat'><em>-</em></span> 
     </span>
    </p>

    <p class='ocr_par' dir='ltr' id='par_1_4' title="bbox 92 959 1000 1054">
     <span class='ocr_line' id='line_1_9' title="bbox 92 959 1000 1054; baseline 0.01 -31"><span class='ocrx_word' id='word_1_62' title='bbox 92 1018 96 1023; x_wconf 93' lang='lat'>.</span> <span class='ocrx_word' id='word_1_63' title='bbox 168 959 281 1027; x_wconf 91' lang='grc' dir='ltr'><strong><em>Πάντα</em></strong></span> <span class='ocrx_word' id='word_1_64' title='bbox 303 963 440 1049; x_wconf 84' lang='grc' dir='ltr'><strong><em>φορητά,</em></strong></span> <span class='ocrx_word' id='word_1_65' title='bbox 462 961 562 1028; x_wconf 88' lang='grc' dir='ltr'><strong><em>πάντα</em></strong></span> <span class='ocrx_word' id='word_1_66' title='bbox 583 964 820 1052; x_wconf 77' lang='grc' dir='ltr'><strong><em>τολμητάτηλόε</em></strong></span> <span class='ocrx_word' id='word_1_67' title='bbox 840 970 885 1054; x_wconf 77' lang='grc' dir='ltr'>τῷ</span> <span class='ocrx_word' id='word_1_68' title='bbox 903 970 1000 1054; x_wconf 77' lang='grc' dir='ltr'><strong><em>χορῷ.</em></strong></span> 
     </span>
    </p>

    <p class='ocr_par' dir='ltr' id='par_1_5' title="bbox 67 1044 1251 3328">
     <span class='ocr_line' id='line_1_10' title="bbox 80 1044 1250 1141; baseline 0.008 -30"><span class='ocrx_word' id='word_1_69' title='bbox 80 1044 191 1113; x_wconf 85' lang='lat' dir='ltr'>Tertio</span> <span class='ocrx_word' id='word_1_70' title='bbox 204 1047 329 1132; x_wconf 88' lang='lat' dir='ltr'>denique</span> <span class='ocrx_word' id='word_1_71' title='bbox 340 1070 429 1113; x_wconf 88' lang='lat' dir='ltr'>versu</span> <span class='ocrx_word' id='word_1_72' title='bbox 450 1056 537 1138; x_wconf 89' lang='lat' dir='ltr'>poeta</span> <span class='ocrx_word' id='word_1_73' title='bbox 556 1049 716 1131; x_wconf 90' lang='lat' dir='ltr'>invehitur,</span> <span class='ocrx_word' id='word_1_74' title='bbox 738 1052 852 1139; x_wconf 87' lang='lat' dir='ltr'>opinor,</span> <span class='ocrx_word' id='word_1_75' title='bbox 874 1052 906 1116; x_wconf 92' lang='lat' dir='ltr'>in</span> <span class='ocrx_word' id='word_1_76' title='bbox 919 1051 1157 1141; x_wconf 79' lang='lat' dir='ltr'>depravationem</span> <span class='ocrx_word' id='word_1_77' title='bbox 1178 1055 1250 1120; x_wconf 86' lang='lat' dir='ltr'>artis</span> 
     </span>
     <span class='ocr_line' id='line_1_11' title="bbox 79 1132 1251 1225; baseline 0.007 -29"><span class='ocrx_word' id='word_1_78' title='bbox 79 1132 226 1214; x_wconf 75' lang='lat' dir='ltr'>musicae,</span> <span class='ocrx_word' id='word_1_79' title='bbox 254 1153 328 1218; x_wconf 86' lang='lat' dir='ltr'>quae</span> <span class='ocrx_word' id='word_1_80' title='bbox 355 1134 519 1200; x_wconf 87' lang='lat' dir='ltr'>comoedias</span> <span class='ocrx_word' id='word_1_81' title='bbox 559 1155 652 1221; x_wconf 93' lang='lat' dir='ltr'>uoque</span> <span class='ocrx_word' id='word_1_82' title='bbox 682 1136 740 1198; x_wconf 90' lang='lat' dir='ltr'>iam</span> <span class='ocrx_word' id='word_1_83' title='bbox 769 1136 974 1225; x_wconf 77' lang='lat' dir='ltr'>occupaverit,</span> <span class='ocrx_word' id='word_1_84' title='bbox 1006 1137 1048 1200; x_wconf 88' lang='lat' dir='ltr'>ita</span> <span class='ocrx_word' id='word_1_85' title='bbox 1070 1146 1101 1202; x_wconf 92' lang='lat' dir='ltr'>ut</span> <span class='ocrx_word' id='word_1_86' title='bbox 1121 1143 1251 1204; x_wconf 85' lang='lat' dir='ltr'>carmina</span> 
     </span>
     <span class='ocr_line' id='line_1_12' title="bbox 81 1155 1250 1312; baseline 0.006 -32"><span class='ocrx_word' id='word_1_87' title='bbox 81 1237 100 1280; x_wconf 83' lang='lat' dir='ltr'>a</span> <span class='ocrx_word' id='word_1_88' title='bbox 121 1217 221 1304; x_wconf 85' lang='lat' dir='ltr'>prisca</span> <span class='ocrx_word' id='word_1_89' title='bbox 240 1218 398 1282; x_wconf 85' lang='lat' dir='ltr'>severitate</span> <span class='ocrx_word' id='word_1_90' title='bbox 417 1226 447 1283; x_wconf 91' lang='lat' dir='ltr'>et</span> <span class='ocrx_word' id='word_1_91' title='bbox 466 1155 651 1307; x_wconf 83' lang='lat' dir='ltr'>simplicitate</span> <span class='ocrx_word' id='word_1_92' title='bbox 672 1220 827 1309; x_wconf 89' lang='lat' dir='ltr'>plurimum</span> <span class='ocrx_word' id='word_1_93' title='bbox 849 1221 1038 1302; x_wconf 86' lang='lat' dir='ltr'>abhorreant,</span> <span class='ocrx_word' id='word_1_94' title='bbox 1060 1230 1146 1307; x_wconf 87' lang='lat' dir='ltr'>atque</span> <span class='ocrx_word' id='word_1_95' title='bbox 1166 1244 1250 1312; x_wconf 90' lang='lat' dir='ltr'>pror-</span> 
     </span>
     <span class='ocr_line' id='line_1_13' title="bbox 80 1301 1250 1397; baseline 0.007 -32"><span class='ocrx_word' id='word_1_96' title='bbox 80 1320 135 1365; x_wconf 79' lang='lat' dir='ltr'>sus</span> <span class='ocrx_word' id='word_1_97' title='bbox 155 1301 255 1366; x_wconf 88' lang='lat' dir='ltr'>mollia</span> <span class='ocrx_word' id='word_1_98' title='bbox 276 1308 306 1366; x_wconf 91' lang='lat' dir='ltr'>et</span> <span class='ocrx_word' id='word_1_99' title='bbox 327 1303 451 1368; x_wconf 84' lang='lat' dir='ltr'>delicata</span> <span class='ocrx_word' id='word_1_100' title='bbox 471 1305 540 1369; x_wconf 81' lang='lat' dir='ltr'>sint</span> <span class='ocrx_word' id='word_1_101' title='bbox 583 1304 668 1369; x_wconf 88' lang='lat' dir='ltr'>Duos</span> <span class='ocrx_word' id='word_1_102' title='bbox 690 1312 785 1368; x_wconf 89' lang='lat' dir='ltr'>autem</span> <span class='ocrx_word' id='word_1_103' title='bbox 807 1327 847 1368; x_wconf 84' lang='lat' dir='ltr'>ex</span> <span class='ocrx_word' id='word_1_104' title='bbox 869 1305 1038 1390; x_wconf 79' lang='lat' dir='ltr'>aequalibus</span> <span class='ocrx_word' id='word_1_105' title='bbox 1066 1307 1160 1396; x_wconf 89' lang='lat' dir='ltr'>poetis</span> <span class='ocrx_word' id='word_1_106' title='bbox 1181 1329 1250 1397; x_wconf 91' lang='lat' dir='ltr'>pro-</span> 
     </span>
     <span class='ocr_line' id='line_1_14' title="bbox 78 1389 1249 1478; baseline 0.006 -28"><span class='ocrx_word' id='word_1_107' title='bbox 78 1391 148 1474; x_wconf 88' lang='lat' dir='ltr'>pter</span> <span class='ocrx_word' id='word_1_108' title='bbox 167 1408 353 1467; x_wconf 84' lang='lat' dir='ltr'>numerorum</span> <span class='ocrx_word' id='word_1_109' title='bbox 375 1389 612 1476; x_wconf 83' lang='lat' dir='ltr'>depravationem</span> <span class='ocrx_word' id='word_1_110' title='bbox 632 1389 825 1478; x_wconf 81' lang='lat' dir='ltr'>perstringit,</span> <span class='ocrx_word' id='word_1_111' title='bbox 851 1390 1015 1454; x_wconf 85' lang='lat' dir='ltr'>obscuratis</span> <span class='ocrx_word' id='word_1_112' title='bbox 1037 1398 1134 1472; x_wconf 88' lang='lat' dir='ltr'>tamea</span> <span class='ocrx_word' id='word_1_113' title='bbox 1155 1393 1249 1458; x_wconf 84' lang='lat' dir='ltr'>nouri-</span> 
     </span>
     <span class='ocr_line' id='line_1_15' title="bbox 77 1468 1248 1560; baseline 0.007 -26"><span class='ocrx_word' id='word_1_114' title='bbox 77 1468 184 1552; x_wconf 84' lang='lat' dir='ltr'>uibus,</span> <span class='ocrx_word' id='word_1_115' title='bbox 214 1470 341 1537; x_wconf 88' lang='lat' dir='ltr'>Xonium</span> <span class='ocrx_word' id='word_1_116' title='bbox 364 1472 442 1556; x_wconf 84' lang='lat' dir='ltr'>(sive</span> <span class='ocrx_word' id='word_1_117' title='bbox 462 1472 603 1557; x_wconf 87' lang='lat' dir='ltr'>Xeniam)</span> <span class='ocrx_word' id='word_1_118' title='bbox 625 1481 656 1538; x_wconf 90' lang='lat' dir='ltr'>et</span> <span class='ocrx_word' id='word_1_119' title='bbox 675 1471 901 1538; x_wconf 85' lang='lat' dir='ltr'>Seboeuionem.</span> <span class='ocrx_word' id='word_1_120' title='bbox 943 1475 1047 1560; x_wconf 87' lang='lat' dir='ltr'>Neque</span> <span class='ocrx_word' id='word_1_121' title='bbox 1069 1478 1146 1540; x_wconf 93' lang='lat' dir='ltr'>enim</span> <span class='ocrx_word' id='word_1_122' title='bbox 1166 1484 1248 1542; x_wconf 88' lang='lat' dir='ltr'>recte</span> 
     </span>
     <span class='ocr_line' id='line_1_16' title="bbox 76 1554 1248 1643; baseline 0.008 -25"><span class='ocrx_word' id='word_1_123' title='bbox 76 1554 311 1643; x_wconf 83' lang='lat' dir='ltr'>interpretantur</span> <span class='ocrx_word' id='word_1_124' title='bbox 330 1558 499 1637; x_wconf 79' lang='grc' dir='ltr'><strong><em>Σχοινίωνα</em></strong></span> <span class='ocrx_word' id='word_1_125' title='bbox 526 1559 663 1622; x_wconf 91' lang='lat' dir='ltr'>tibiarum</span> <span class='ocrx_word' id='word_1_126' title='bbox 688 1557 831 1642; x_wconf 87' lang='lat' dir='ltr'>quendam</span> <span class='ocrx_word' id='word_1_127' title='bbox 853 1559 984 1623; x_wconf 88' lang='lat' dir='ltr'>modum:</span> <span class='ocrx_word' id='word_1_128' title='bbox 1014 1559 1072 1624; x_wconf 82' lang='lat' dir='ltr'>fuit</span> <span class='ocrx_word' id='word_1_129' title='bbox 1092 1582 1165 1626; x_wconf 85' lang='lat' dir='ltr'>sene</span> <span class='ocrx_word' id='word_1_130' title='bbox 1185 1582 1248 1627; x_wconf 91' lang='lat' dir='ltr'>mo·</span> 
     </span>
     <span class='ocr_line' id='line_1_17' title="bbox 77 1637 1247 1741; baseline 0.007 -38"><span class='ocrx_word' id='word_1_131' title='bbox 77 1637 138 1713; x_wconf 84' lang='lat' dir='ltr'>dus&#39;</span> <span class='ocrx_word' id='word_1_132' title='bbox 157 1641 305 1722; x_wconf 85' lang='lat' dir='ltr'>carminis,</span> <span class='ocrx_word' id='word_1_133' title='bbox 328 1643 377 1726; x_wconf 91' lang='lat' dir='ltr'>qui</span> <span class='ocrx_word' id='word_1_134' title='bbox 397 1642 440 1705; x_wconf 93' lang='lat' dir='ltr'>ita</span> <span class='ocrx_word' id='word_1_135' title='bbox 460 1641 671 1729; x_wconf 85' lang='lat' dir='ltr'>appellabatur,</span> <span class='ocrx_word' id='word_1_136' title='bbox 692 1661 777 1739; x_wconf 90' lang='lat' dir='ltr'>quem</span> <span class='ocrx_word' id='word_1_137' title='bbox 799 1642 836 1705; x_wconf 90' lang='lat' dir='ltr'>ab</span> <span class='ocrx_word' id='word_1_138' title='bbox 858 1643 1069 1741; x_wconf 80' lang='lat' dir='ltr'>antiquissimis</span> <span class='ocrx_word' id='word_1_139' title='bbox 1090 1648 1163 1711; x_wconf 81' lang='lat' dir='ltr'>artis</span> <span class='ocrx_word' id='word_1_140' title='bbox 1185 1668 1247 1710; x_wconf 93' lang='lat' dir='ltr'>mu-</span> 
     </span>
     <span class='ocr_line' id='line_1_18' title="bbox 76 1723 1246 1810; baseline 0.005 -21"><span class='ocrx_word' id='word_1_141' title='bbox 76 1723 160 1791; x_wconf 78' lang='lat' dir='ltr'>sicae</span> <span class='ocrx_word' id='word_1_142' title='bbox 180 1726 347 1791; x_wconf 87' lang='lat' dir='ltr'>auctoribus</span> <span class='ocrx_word' id='word_1_143' title='bbox 369 1725 516 1810; x_wconf 81' lang='lat' dir='ltr'>originem</span> <span class='ocrx_word' id='word_1_144' title='bbox 538 1725 644 1788; x_wconf 89' lang='lat' dir='ltr'>ducere</span> <span class='ocrx_word' id='word_1_145' title='bbox 666 1725 885 1805; x_wconf 81' lang='lat' dir='ltr'>existimabant,</span> <span class='ocrx_word' id='word_1_146' title='bbox 904 1726 964 1790; x_wconf 89' lang='lat' dir='ltr'>vrd.</span> <span class='ocrx_word' id='word_1_147' title='bbox 984 1727 1064 1792; x_wconf 88' lang='lat' dir='ltr'>Plut.</span> <span class='ocrx_word' id='word_1_148' title='bbox 1086 1729 1123 1793; x_wconf 90' lang='lat' dir='ltr'>de</span> <span class='ocrx_word' id='word_1_149' title='bbox 1144 1731 1246 1796; x_wconf 84' lang='lat' dir='ltr'>music.</span> 
     </span>
     <span class='ocr_line' id='line_1_19' title="bbox 75 1805 1246 1893; baseline 0.003 -18"><span class='ocrx_word' id='word_1_150' title='bbox 75 1828 104 1874; x_wconf 75' lang='lat' dir='ltr'>c.</span> <span class='ocrx_word' id='word_1_151' title='bbox 123 1810 182 1877; x_wconf 66' lang='grc' dir='ltr'>δι’</span> <span class='ocrx_word' id='word_1_152' title='bbox 207 1811 272 1874; x_wconf 79' lang='grc' dir='ltr'>Καί</span> <span class='ocrx_word' id='word_1_153' title='bbox 300 1808 358 1892; x_wconf 80' lang='grc' dir='ltr'>γάρ</span> <span class='ocrx_word' id='word_1_154' title='bbox 386 1806 440 1880; x_wconf 80' lang='grc' dir='ltr'><strong><em>τὸν</em></strong></span> <span class='ocrx_word' id='word_1_155' title='bbox 468 1806 668 1892; x_wconf 70' lang='grc' dir='ltr'><strong><em>Τέρπανδρον</em></strong></span> <span class='ocrx_word' id='word_1_156' title='bbox 692 1805 753 1891; x_wconf 64' lang='grc' dir='ltr'>ἔφη</span> <span class='ocrx_word' id='word_1_157' title='bbox 780 1810 995 1893; x_wconf 76' lang='grc' dir='ltr'><strong><em>κιθαρῳδικῶν</em></strong></span> <span class='ocrx_word' id='word_1_158' title='bbox 1019 1811 1146 1893; x_wconf 82' lang='grc' dir='ltr'><strong><em>ποιητήν</em></strong></span> <span class='ocrx_word' id='word_1_159' title='bbox 1172 1812 1246 1879; x_wconf 74' lang='grc' dir='ltr'><strong><em>ὄντα</em></strong></span> 
     </span>
     <span class='ocr_line' id='line_1_20' title="bbox 74 1887 1245 1980; baseline -0.003 -23"><span class='ocrx_word' id='word_1_160' title='bbox 74 1888 196 1973; x_wconf 84' lang='grc' dir='ltr'><strong><em>νόμων,</em></strong></span> <span class='ocrx_word' id='word_1_161' title='bbox 224 1893 304 1956; x_wconf 80' lang='grc' dir='ltr'><strong><em>κατὰ</em></strong></span> <span class='ocrx_word' id='word_1_162' title='bbox 324 1889 418 1972; x_wconf 89' lang='grc' dir='ltr'><strong><em>νόμον</em></strong></span> <span class='ocrx_word' id='word_1_163' title='bbox 439 1892 567 1956; x_wconf 73' lang='grc' dir='ltr'><strong><em>ἕκαστον</em></strong></span> <span class='ocrx_word' id='word_1_164' title='bbox 585 1899 650 1967; x_wconf 81' lang='grc' dir='ltr'><strong><em>τοῖς</em></strong></span> <span class='ocrx_word' id='word_1_165' title='bbox 676 1887 759 1955; x_wconf 69' lang='grc' dir='ltr'><strong><em>ἔπεσι</em></strong></span> <span class='ocrx_word' id='word_1_166' title='bbox 780 1898 844 1965; x_wconf 81' lang='grc' dir='ltr'><strong><em>τοῖς</em></strong></span> <span class='ocrx_word' id='word_1_167' title='bbox 864 1889 975 1955; x_wconf 74' lang='grc' dir='ltr'><strong><em>ἑαυτοῦ</em></strong></span> <span class='ocrx_word' id='word_1_168' title='bbox 997 1896 1047 1956; x_wconf 77' lang='grc' dir='ltr'><strong><em>καὶ</em></strong></span> <span class='ocrx_word' id='word_1_169' title='bbox 1069 1904 1132 1970; x_wconf 80' lang='grc' dir='ltr'><strong><em>τοῖς</em></strong></span> <span class='ocrx_word' id='word_1_170' title='bbox 1148 1892 1245 1980; x_wconf 72' lang='lat' dir='ltr'>‘Opq&#39;-</span> 
     </span>
     <span class='ocr_line' id='line_1_21' title="bbox 75 1971 1247 2064; baseline 0.005 -25"><span class='ocrx_word' id='word_1_171' title='bbox 75 2001 135 2062; x_wconf 89' lang='grc' dir='ltr'>ρου</span> <span class='ocrx_word' id='word_1_172' title='bbox 156 1975 235 2059; x_wconf 83' lang='grc' dir='ltr'><strong><em>μίλη</em></strong></span> <span class='ocrx_word' id='word_1_173' title='bbox 258 1975 466 2061; x_wconf 66' lang='grc' dir='ltr'><strong><em>περιτιθέντα,</em></strong></span> <span class='ocrx_word' id='word_1_174' title='bbox 498 1972 582 2064; x_wconf 79' lang='grc' dir='ltr'><strong><em>ᾄδειν</em></strong></span> <span class='ocrx_word' id='word_1_175' title='bbox 607 1977 639 2041; x_wconf 74' lang='grc' dir='ltr'><strong><em>ἐν</em></strong></span> <span class='ocrx_word' id='word_1_176' title='bbox 659 1983 724 2050; x_wconf 77' lang='grc' dir='ltr'><strong><em>τοῖς</em></strong></span> <span class='ocrx_word' id='word_1_177' title='bbox 744 1971 872 2059; x_wconf 86' lang='grc' dir='ltr'><strong><em>ἀγῶσιν·</em></strong></span> <span class='ocrx_word' id='word_1_178' title='bbox 900 1974 1058 2063; x_wconf 81' lang='grc' dir='ltr'><strong><em>ἀποφῆναι</em></strong></span> <span class='ocrx_word' id='word_1_179' title='bbox 1084 1979 1117 2042; x_wconf 73' lang='lat' dir='ltr'>dd</span> <span class='ocrx_word' id='word_1_180' title='bbox 1135 1986 1247 2046; x_wconf 78' lang='grc' dir='ltr'><strong><em>τοῦτον</em></strong></span> 
     </span>
     <span class='ocr_line' id='line_1_22' title="bbox 74 2057 1245 2171; baseline 0.002 -45"><span class='ocrx_word' id='word_1_181' title='bbox 74 2062 153 2171; x_wconf 79' lang='grc' dir='ltr'><strong><em>λίγει</em></strong></span> <span class='ocrx_word' id='word_1_182' title='bbox 177 2059 314 2144; x_wconf 85' lang='grc' dir='ltr'><strong><em>ὀνόματα</em></strong></span> <span class='ocrx_word' id='word_1_183' title='bbox 343 2066 464 2147; x_wconf 89' lang='grc' dir='ltr'><strong><em>πρῶτον</em></strong></span> <span class='ocrx_word' id='word_1_184' title='bbox 488 2069 553 2137; x_wconf 73' lang='grc' dir='ltr'><strong><em>τοῖς</em></strong></span> <span class='ocrx_word' id='word_1_185' title='bbox 579 2061 799 2146; x_wconf 75' lang='grc' dir='ltr'><strong><em>κιθαρῳδικοῖς</em></strong></span> <span class='ocrx_word' id='word_1_186' title='bbox 825 2058 946 2140; x_wconf 74' lang='grc' dir='ltr'><strong><em>νόμοις·</em></strong></span> <span class='ocrx_word' id='word_1_187' title='bbox 976 2057 1144 2141; x_wconf 61' lang='lat' dir='ltr'>branderarii</span> <span class='ocrx_word' id='word_1_188' title='bbox 1166 2069 1245 2149; x_wconf 86' lang='grc' dir='ltr'><strong><em>Τερ-</em></strong></span> 
     </span>
     <span class='ocr_line' id='line_1_23' title="bbox 73 2141 1245 2234; baseline 0.002 -21"><span class='ocrx_word' id='word_1_189' title='bbox 73 2149 203 2234; x_wconf 82' lang='grc' dir='ltr'><strong><em>πυνόρῳ</em></strong></span> <span class='ocrx_word' id='word_1_190' title='bbox 224 2149 364 2224; x_wconf 78' lang='grc' dir='ltr'><strong><em>Κλονᾶν,</em></strong></span> <span class='ocrx_word' id='word_1_191' title='bbox 395 2145 449 2210; x_wconf 83' lang='grc' dir='ltr'><strong><em>τόν</em></strong></span> <span class='ocrx_word' id='word_1_192' title='bbox 474 2151 596 2232; x_wconf 86' lang='grc' dir='ltr'><strong><em>πρῶτον</em></strong></span> <span class='ocrx_word' id='word_1_193' title='bbox 621 2141 850 2227; x_wconf 77' lang='grc' dir='ltr'><strong><em>συστησάμενον</em></strong></span> <span class='ocrx_word' id='word_1_194' title='bbox 875 2144 948 2221; x_wconf 84' lang='grc' dir='ltr'><strong><em>τοάς</em></strong></span> <span class='ocrx_word' id='word_1_195' title='bbox 975 2144 1168 2232; x_wconf 81' lang='grc' dir='ltr'><strong><em>αάλῳόικοός</em></strong></span> <span class='ocrx_word' id='word_1_196' title='bbox 1193 2148 1245 2215; x_wconf 75' lang='grc' dir='ltr'><strong><em>νά·</em></strong></span> 
     </span>
     <span class='ocr_line' id='line_1_24' title="bbox 72 2228 1245 2317; baseline 0.003 -21"><span class='ocrx_word' id='word_1_197' title='bbox 72 2256 155 2315; x_wconf 83' lang='grc' dir='ltr'><strong><em>μους</em></strong></span> <span class='ocrx_word' id='word_1_198' title='bbox 181 2233 232 2295; x_wconf 83' lang='grc' dir='ltr'><strong><em>καί</em></strong></span> <span class='ocrx_word' id='word_1_199' title='bbox 251 2230 297 2299; x_wconf 85' lang='grc' dir='ltr'>,τά</span> <span class='ocrx_word' id='word_1_200' title='bbox 327 2229 493 2316; x_wconf 78' lang='grc' dir='ltr'><strong><em>προσόδια,</em></strong></span> <span class='ocrx_word' id='word_1_201' title='bbox 521 2230 655 2314; x_wconf 69' lang='grc' dir='ltr'><strong><em>ἐλεγείων</em></strong></span> <span class='ocrx_word' id='word_1_202' title='bbox 681 2253 714 2294; x_wconf 84' lang='grc' dir='ltr'>τε</span> <span class='ocrx_word' id='word_1_203' title='bbox 734 2231 785 2293; x_wconf 89' lang='grc' dir='ltr'><strong><em>καί</em></strong></span> <span class='ocrx_word' id='word_1_204' title='bbox 813 2230 897 2294; x_wconf 75' lang='grc' dir='ltr'><strong><em>ἐπῶν</em></strong></span> <span class='ocrx_word' id='word_1_205' title='bbox 923 2228 1054 2314; x_wconf 84' lang='grc' dir='ltr'><strong><em>ποιητήν</em></strong></span> <span class='ocrx_word' id='word_1_206' title='bbox 1077 2233 1245 2317; x_wconf 73' lang='grc' dir='ltr'><strong><em>γεγονέναι·</em></strong></span> 
     </span>
     <span class='ocr_line' id='line_1_25' title="bbox 73 2311 1245 2401; baseline 0.003 -20"><span class='ocrx_word' id='word_1_207' title='bbox 73 2313 366 2400; x_wconf 78' lang='grc' dir='ltr'><strong><em>καλΠολάμνηστον</em></strong></span> <span class='ocrx_word' id='word_1_208' title='bbox 386 2315 440 2381; x_wconf 84' lang='grc' dir='ltr'><strong><em>τὸν</em></strong></span> <span class='ocrx_word' id='word_1_209' title='bbox 456 2312 670 2401; x_wconf 81' lang='grc' dir='ltr'><strong><em>Κολοφώνιον,</em></strong></span> <span class='ocrx_word' id='word_1_210' title='bbox 691 2313 745 2379; x_wconf 90' lang='grc' dir='ltr'><strong><em>τόν</em></strong></span> <span class='ocrx_word' id='word_1_211' title='bbox 764 2312 842 2393; x_wconf 90' lang='grc' dir='ltr'>μετά</span> <span class='ocrx_word' id='word_1_212' title='bbox 862 2320 973 2380; x_wconf 81' lang='grc' dir='ltr'><strong><em>τοῦτον</em></strong></span> <span class='ocrx_word' id='word_1_213' title='bbox 992 2311 1158 2400; x_wconf 80' lang='grc' dir='ltr'><strong><em>γενόμενον,</em></strong></span> <span class='ocrx_word' id='word_1_214' title='bbox 1180 2328 1245 2397; x_wconf 76' lang='grc' dir='ltr'><strong><em>τοῖς</em></strong></span> 
     </span>
     <span class='ocr_line' id='line_1_26' title="bbox 72 2396 1245 2488; baseline 0.003 -21"><span class='ocrx_word' id='word_1_215' title='bbox 72 2398 183 2478; x_wconf 83' lang='grc' dir='ltr'><strong><em>αιίτοῖς</em></strong></span> <span class='ocrx_word' id='word_1_216' title='bbox 200 2397 382 2487; x_wconf 88' lang='grc' dir='ltr'><strong><em>χρήσασθαι</em></strong></span> <span class='ocrx_word' id='word_1_217' title='bbox 403 2396 579 2482; x_wconf 73' lang='grc' dir='ltr'><strong><em>ποιήμασιν.</em></strong></span> <span class='ocrx_word' id='word_1_218' title='bbox 611 2400 650 2464; x_wconf 78' lang='lat' dir='ltr'>Ol</span> <span class='ocrx_word' id='word_1_219' title='bbox 672 2399 706 2462; x_wconf 81' lang='grc' dir='ltr'><em>όὲ</em></span> <span class='ocrx_word' id='word_1_220' title='bbox 726 2398 815 2479; x_wconf 88' lang='grc' dir='ltr'><strong><em>νόμοι</em></strong></span> <span class='ocrx_word' id='word_1_221' title='bbox 837 2397 866 2462; x_wconf 81' lang='lat' dir='ltr'>ol</span> <span class='ocrx_word' id='word_1_222' title='bbox 887 2398 966 2464; x_wconf 87' lang='grc' dir='ltr'><strong><em>κατά</em></strong></span> <span class='ocrx_word' id='word_1_223' title='bbox 985 2397 1122 2480; x_wconf 74' lang='grc' dir='ltr'><strong><em>τούτους,</em></strong></span> <span class='ocrx_word' id='word_1_224' title='bbox 1144 2402 1245 2488; x_wconf 73' lang='grc' dir='ltr'><strong><em>ἀγαθὲ</em></strong></span> 
     </span>
     <span class='ocr_line' id='line_1_27' title="bbox 71 2475 1243 2572; baseline 0 -21"><span class='ocrx_word' id='word_1_225' title='bbox 71 2482 301 2572; x_wconf 72' lang='grc' dir='ltr'><strong><em>Ὀνησίκρατες,</em></strong></span> <span class='ocrx_word' id='word_1_226' title='bbox 335 2484 501 2572; x_wconf 85' lang='grc' dir='ltr'><strong><em>αιίλῳόικοί</em></strong></span> <span class='ocrx_word' id='word_1_227' title='bbox 533 2475 629 2566; x_wconf 78' lang='grc' dir='ltr'><strong><em>ἦσαν,</em></strong></span> <span class='ocrx_word' id='word_1_228' title='bbox 655 2479 843 2559; x_wconf 81' lang='grc' dir='ltr'><strong><em>Ἀπόθετος,</em></strong></span> <span class='ocrx_word' id='word_1_229' title='bbox 867 2479 1007 2567; x_wconf 81' lang='grc' dir='ltr'><strong><em>Ἔλεγοι,</em></strong></span> <span class='ocrx_word' id='word_1_230' title='bbox 1041 2483 1243 2572; x_wconf 72' lang='grc' dir='ltr'><strong><em>Κωμάρχιος,</em></strong></span> 
     </span>
     <span class='ocr_line' id='line_1_28' title="bbox 72 2563 1243 2659; baseline 0 -24"><span class='ocrx_word' id='word_1_231' title='bbox 72 2572 278 2652; x_wconf 73' lang='grc' dir='ltr'><strong><em>Σχοινίων,</em></strong></span> <span class='ocrx_word' id='word_1_232' title='bbox 299 2570 430 2652; x_wconf 78' lang='grc' dir='ltr'><strong><em>Κηπίων</em></strong></span> <span class='ocrx_word' id='word_1_233' title='bbox 450 2593 483 2634; x_wconf 87' lang='grc' dir='ltr'>τε</span> <span class='ocrx_word' id='word_1_234' title='bbox 504 2570 555 2632; x_wconf 84' lang='grc' dir='ltr'>καλ</span> <span class='ocrx_word' id='word_1_235' title='bbox 571 2570 663 2642; x_wconf 79' lang='grc' dir='ltr'><strong><em>Δεῖος</em></strong></span> <span class='ocrx_word' id='word_1_236' title='bbox 683 2569 734 2630; x_wconf 89' lang='grc' dir='ltr'><strong><em>καί</em></strong></span> <span class='ocrx_word' id='word_1_237' title='bbox 759 2563 926 2651; x_wconf 78' lang='grc' dir='ltr'><strong><em>Τριμελής·</em></strong></span> <span class='ocrx_word' id='word_1_238' title='bbox 949 2564 1067 2654; x_wconf 80' lang='grc' dir='ltr'><strong><em>ἀστίρῳ</em></strong></span> <span class='ocrx_word' id='word_1_239' title='bbox 1089 2572 1124 2634; x_wconf 77' lang='grc' dir='ltr'>ἀί</span> <span class='ocrx_word' id='word_1_240' title='bbox 1140 2568 1243 2659; x_wconf 85' lang='grc' dir='ltr'><strong><em>χρόνῳ</em></strong></span> 
     </span>
     <span class='ocr_line' id='line_1_29' title="bbox 71 2648 1243 2736; baseline 0.001 -16"><span class='ocrx_word' id='word_1_241' title='bbox 71 2656 127 2721; x_wconf 78' lang='grc' dir='ltr'><strong><em>καί</em></strong></span> <span class='ocrx_word' id='word_1_242' title='bbox 145 2655 185 2720; x_wconf 78' lang='lat' dir='ltr'>vd</span> <span class='ocrx_word' id='word_1_243' title='bbox 205 2653 431 2736; x_wconf 84' lang='grc' dir='ltr'><strong><em>Πολυμνάστια</em></strong></span> <span class='ocrx_word' id='word_1_244' title='bbox 452 2648 625 2733; x_wconf 87' lang='grc' dir='ltr'><strong><em>καλοάμενα</em></strong></span> <span class='ocrx_word' id='word_1_245' title='bbox 645 2652 800 2733; x_wconf 68' lang='grc' dir='ltr'><strong><em>ἐξευρέθη.</em></strong></span> <span class='ocrx_word' id='word_1_246' title='bbox 828 2658 858 2715; x_wconf 87' lang='lat' dir='ltr'>et</span> <span class='ocrx_word' id='word_1_247' title='bbox 876 2651 958 2716; x_wconf 84' lang='lat' dir='ltr'>infra</span> <span class='ocrx_word' id='word_1_248' title='bbox 978 2652 1105 2719; x_wconf 86' lang='lat' dir='ltr'>dilucide</span> <span class='ocrx_word' id='word_1_249' title='bbox 1124 2653 1243 2721; x_wconf 80' lang='lat' dir='ltr'>Plutar-</span> 
     </span>
     <span class='ocr_line' id='line_1_30' title="bbox 72 2735 1241 2829; baseline 0 -24"><span class='ocrx_word' id='word_1_250' title='bbox 72 2738 148 2805; x_wconf 80' lang='lat' dir='ltr'>cbur</span> <span class='ocrx_word' id='word_1_251' title='bbox 168 2762 194 2805; x_wconf 92' lang='lat' dir='ltr'>c.</span> <span class='ocrx_word' id='word_1_252' title='bbox 215 2741 237 2806; x_wconf 83' lang='lat'>5</span> <span class='ocrx_word' id='word_1_253' title='bbox 264 2740 362 2829; x_wconf 87' lang='lat' dir='ltr'>prodit</span> <span class='ocrx_word' id='word_1_254' title='bbox 383 2737 508 2805; x_wconf 88' lang='lat' dir='ltr'>Clouam</span> <span class='ocrx_word' id='word_1_255' title='bbox 535 2738 613 2802; x_wconf 91' lang='lat' dir='ltr'>bunc</span> <span class='ocrx_word' id='word_1_256' title='bbox 633 2737 748 2801; x_wconf 90' lang='lat' dir='ltr'>modum</span> <span class='ocrx_word' id='word_1_257' title='bbox 769 2735 937 2800; x_wconf 87' lang='lat' dir='ltr'>invenisse:</span> <span class='ocrx_word' id='word_1_258' title='bbox 967 2738 1047 2822; x_wconf 84' lang='grc' dir='ltr'><strong><em>Περί</em></strong></span> <span class='ocrx_word' id='word_1_259' title='bbox 1069 2738 1103 2801; x_wconf 79' lang='grc' dir='ltr'>δὲ</span> <span class='ocrx_word' id='word_1_260' title='bbox 1124 2741 1241 2819; x_wconf 81' lang='grc' dir='ltr'><strong><em>Κλονᾶ,</em></strong></span> 
     </span>
     <span class='ocr_line' id='line_1_31' title="bbox 71 2819 1242 2908; baseline 0.002 -19"><span class='ocrx_word' id='word_1_261' title='bbox 71 2821 121 2889; x_wconf 75' lang='grc' dir='ltr'><strong><em>ὅτι</em></strong></span> <span class='ocrx_word' id='word_1_262' title='bbox 138 2823 196 2889; x_wconf 84' lang='grc' dir='ltr'><strong><em>’τόν</em></strong></span> <span class='ocrx_word' id='word_1_263' title='bbox 208 2822 379 2891; x_wconf 80' lang='grc' dir='ltr'><strong><em>Ἀπόθετον</em></strong></span> <span class='ocrx_word' id='word_1_264' title='bbox 406 2819 501 2904; x_wconf 92' lang='grc' dir='ltr'><strong><em>νόμον</em></strong></span> <span class='ocrx_word' id='word_1_265' title='bbox 520 2824 572 2887; x_wconf 85' lang='grc' dir='ltr'><strong><em>καί</em></strong></span> <span class='ocrx_word' id='word_1_266' title='bbox 593 2823 808 2902; x_wconf 76' lang='grc' dir='ltr'><strong><em>Σχοινίωνα</em></strong></span> <span class='ocrx_word' id='word_1_267' title='bbox 834 2820 1005 2903; x_wconf 84' lang='grc' dir='ltr'><strong><em>πεποιηκὼς</em></strong></span> <span class='ocrx_word' id='word_1_268' title='bbox 1031 2820 1095 2905; x_wconf 70' lang='grc' dir='ltr'><strong><em>εἴη,</em></strong></span> <span class='ocrx_word' id='word_1_269' title='bbox 1120 2849 1242 2908; x_wconf 86' lang='grc' dir='ltr'><strong><em>μνημο-</em></strong></span> 
     </span>
     <span class='ocr_line' id='line_1_32' title="bbox 70 2903 1242 2993; baseline 0.003 -19"><span class='ocrx_word' id='word_1_270' title='bbox 70 2904 210 2975; x_wconf 81' lang='grc' dir='ltr'><strong><em>νεάουσιν</em></strong></span> <span class='ocrx_word' id='word_1_271' title='bbox 237 2909 268 2974; x_wconf 78' lang='grc' dir='ltr'>οἷ</span> <span class='ocrx_word' id='word_1_272' title='bbox 293 2903 546 2993; x_wconf 77' lang='grc' dir='ltr'><strong><em>ἀναγεγραφότες.</em></strong></span> <span class='ocrx_word' id='word_1_273' title='bbox 591 2905 642 2972; x_wconf 84' lang='lat' dir='ltr'>Cf.</span> <span class='ocrx_word' id='word_1_274' title='bbox 688 2912 822 2970; x_wconf 84' lang='lat' dir='ltr'>raeterea</span> <span class='ocrx_word' id='word_1_275' title='bbox 848 2904 959 2970; x_wconf 83' lang='lat' dir='ltr'>Pollux</span> <span class='ocrx_word' id='word_1_276' title='bbox 988 2904 1035 2975; x_wconf 84' lang='lat' dir='ltr'>IV</span> <span class='ocrx_word' id='word_1_277' title='bbox 1036 2954 1043 2972; x_wconf 85' lang='lat'><strong>.</strong></span> <span class='ocrx_word' id='word_1_278' title='bbox 1064 2906 1107 2974; x_wconf 80' lang='lat'>6⁵</span> <span class='ocrx_word' id='word_1_279' title='bbox 1133 2915 1163 2973; x_wconf 86' lang='lat' dir='ltr'>et</span> <span class='ocrx_word' id='word_1_280' title='bbox 1189 2913 1242 2977; x_wconf 77' lang='lat'>79.</span> 
     </span>
     <span class='ocr_line' id='line_1_33' title="bbox 68 2926 1241 3142; baseline -0.001 -82"><span class='ocrx_word' id='word_1_281' title='bbox 68 2992 116 3061; x_wconf 73' lang='lat' dir='ltr'>At</span> <span class='ocrx_word' id='word_1_282' title='bbox 135 2993 185 3059; x_wconf 90' lang='lat' dir='ltr'>bic</span> <span class='ocrx_word' id='word_1_283' title='bbox 205 2994 362 3059; x_wconf 78' lang='lat' dir='ltr'>manifesto</span> <span class='ocrx_word' id='word_1_284' title='bbox 382 3001 533 3082; x_wconf 85' lang='lat' dir='ltr'>poetarum</span> <span class='ocrx_word' id='word_1_285' title='bbox 547 2926 728 3142; x_wconf 65' lang='lat' dir='ltr'>quorundam</span> <span class='ocrx_word' id='word_1_286' title='bbox 749 2988 869 3054; x_wconf 89' lang='lat' dir='ltr'>nomina</span> <span class='ocrx_word' id='word_1_287' title='bbox 888 2989 983 3055; x_wconf 89' lang='lat' dir='ltr'>intelli</span> <span class='ocrx_word' id='word_1_288' title='bbox 1008 2990 1084 3056; x_wconf 89' lang='lat' dir='ltr'>enda</span> <span class='ocrx_word' id='word_1_289' title='bbox 1104 2999 1189 3072; x_wconf 87' lang='lat' dir='ltr'>sunt3</span> <span class='ocrx_word' id='word_1_290' title='bbox 1211 3001 1241 3059; x_wconf 87' lang='lat' dir='ltr'>et</span> 
     </span>
     <span class='ocr_line' id='line_1_34' title="bbox 68 3072 1239 3166; baseline 0.001 -24"><span class='ocrx_word' id='word_1_291' title='bbox 68 3078 221 3160; x_wconf 80' lang='grc' dir='ltr'><strong><em>Σχοινίων</em></strong></span> <span class='ocrx_word' id='word_1_292' title='bbox 242 3079 366 3164; x_wconf 72' lang='lat' dir='ltr'>&#39;quidem</span> <span class='ocrx_word' id='word_1_293' title='bbox 398 3083 520 3143; x_wconf 87' lang='lat' dir='ltr'>vocatur</span> <span class='ocrx_word' id='word_1_294' title='bbox 574 3075 678 3156; x_wconf 86' lang='lat' dir='ltr'>allias,</span> <span class='ocrx_word' id='word_1_295' title='bbox 720 3074 841 3138; x_wconf 88' lang='lat' dir='ltr'>evolvas</span> <span class='ocrx_word' id='word_1_296' title='bbox 868 3072 953 3139; x_wconf 87' lang='lat' dir='ltr'>Suid.</span> <span class='ocrx_word' id='word_1_297' title='bbox 1014 3074 1084 3140; x_wconf 87' lang='lat'>.11.</span> <span class='ocrx_word' id='word_1_298' title='bbox 1110 3099 1139 3166; x_wconf 90' lang='lat' dir='ltr'>p.</span> <span class='ocrx_word' id='word_1_299' title='bbox 1160 3079 1239 3143; x_wconf 77' lang='lat'>23⁰:</span> 
     </span>
     <span class='ocr_line' id='line_1_35' title="bbox 67 3154 1240 3245; baseline -0.011 -16"><span class='ocrx_word' id='word_1_300' title='bbox 67 3161 419 3245; x_wconf 80' lang='grc' dir='ltr'><strong><em>Καλλίας,Ἅθηναΐυς,</em></strong></span> <span class='ocrx_word' id='word_1_301' title='bbox 440 3156 588 3242; x_wconf 87' lang='grc' dir='ltr'><strong><em>κωμικός,</em></strong></span> <span class='ocrx_word' id='word_1_302' title='bbox 609 3159 675 3234; x_wconf 75' lang='grc' dir='ltr'><strong><em>υἱός</em></strong></span> <span class='ocrx_word' id='word_1_303' title='bbox 684 3154 891 3239; x_wconf 87' lang='grc' dir='ltr'><strong><em>Λυσιμάχου·</em></strong></span> <span class='ocrx_word' id='word_1_304' title='bbox 913 3156 947 3234; x_wconf 79' lang='grc' dir='ltr'><strong><em>ὃς</em></strong></span> <span class='ocrx_word' id='word_1_305' title='bbox 967 3156 1121 3242; x_wconf 77' lang='grc' dir='ltr'><strong><em>ἐπεκλήθη</em></strong></span> <span class='ocrx_word' id='word_1_306' title='bbox 1133 3163 1240 3242; x_wconf 82' lang='grc' dir='ltr'><strong><em>Σχοι.</em></strong></span> 
     </span>
     <span class='ocr_line' id='line_1_36' title="bbox 67 3239 1240 3328; baseline 0 -16"><span class='ocrx_word' id='word_1_307' title='bbox 67 3248 160 3313; x_wconf 84' lang='grc' dir='ltr'><strong><em>κίων</em></strong></span> <span class='ocrx_word' id='word_1_308' title='bbox 180 3246 230 3311; x_wconf 68' lang='lat' dir='ltr'>aad</span> <span class='ocrx_word' id='word_1_309' title='bbox 251 3246 287 3312; x_wconf 88' lang='grc' dir='ltr'>τό</span> <span class='ocrx_word' id='word_1_310' title='bbox 302 3242 521 3328; x_wconf 86' lang='grc' dir='ltr'><strong><em>σχοινοπλόκου</em></strong></span> <span class='ocrx_word' id='word_1_311' title='bbox 543 3242 617 3309; x_wconf 70' lang='grc' dir='ltr'><strong><em>εἶναι</em></strong></span> <span class='ocrx_word' id='word_1_312' title='bbox 629 3239 754 3323; x_wconf 89' lang='grc' dir='ltr'><strong><em>πατρός.</em></strong></span> <span class='ocrx_word' id='word_1_313' title='bbox 777 3242 979 3307; x_wconf 82' lang='lat' dir='ltr'>Athenienses</span> <span class='ocrx_word' id='word_1_314' title='bbox 993 3242 1081 3324; x_wconf 90' lang='lat' dir='ltr'>euim,</span> <span class='ocrx_word' id='word_1_315' title='bbox 1103 3251 1134 3307; x_wconf 88' lang='lat' dir='ltr'>ut</span> <span class='ocrx_word' id='word_1_316' title='bbox 1155 3253 1240 3312; x_wconf 79' lang='lat' dir='ltr'>erant</span> 
     </span>
    </p>
   </div>
   <div class='ocr_carea' id='block_1_3' title="bbox 66 3326 1239 3483">
    <p class='ocr_par' dir='ltr' id='par_1_6' title="bbox 66 3326 1239 3483">
     <span class='ocr_line' id='line_1_37' title="bbox 66 3326 1239 3483; baseline -0.004 -82"><span class='ocrx_word' id='word_1_317' title='bbox 66 3330 162 3483; x_wconf 77' lang='lat' dir='ltr'>lepidi</span> <span class='ocrx_word' id='word_1_318' title='bbox 184 3353 239 3397; x_wconf 90' lang='lat' dir='ltr'>nec</span> <span class='ocrx_word' id='word_1_319' title='bbox 259 3332 366 3397; x_wconf 87' lang='lat' dir='ltr'>insulsi</span> <span class='ocrx_word' id='word_1_320' title='bbox 386 3330 536 3411; x_wconf 88' lang='lat' dir='ltr'>homiues,</span> <span class='ocrx_word' id='word_1_321' title='bbox 563 3331 605 3394; x_wconf 87' lang='lat' dir='ltr'>ita</span> <span class='ocrx_word' id='word_1_322' title='bbox 625 3327 776 3408; x_wconf 88' lang='lat' dir='ltr'>solebant,</span> <span class='ocrx_word' id='word_1_323' title='bbox 803 3327 830 3390; x_wconf 90' lang='lat' dir='ltr'>si</span> <span class='ocrx_word' id='word_1_324' title='bbox 851 3326 920 3411; x_wconf 93' lang='lat' dir='ltr'>quid</span> <span class='ocrx_word' id='word_1_325' title='bbox 940 3326 1076 3390; x_wconf 89' lang='lat' dir='ltr'>vitiosum</span> <span class='ocrx_word' id='word_1_326' title='bbox 1098 3335 1148 3394; x_wconf 90' lang='lat' dir='ltr'>aut</span> <span class='ocrx_word' id='word_1_327' title='bbox 1167 3330 1239 3396; x_wconf 90' lang='lat' dir='ltr'>ridi-</span> 
     </span>
    </p>
   </div>
   <div class='ocr_carea' id='block_1_4' title="bbox 36 3409 1238 4419">
    <p class='ocr_par' dir='ltr' id='par_1_7' title="bbox 36 3409 1238 4419">
     <span class='ocr_line' id='line_1_38' title="bbox 65 3409 1238 3496; baseline -0.006 -9"><span class='ocrx_word' id='word_1_328' title='bbox 65 3438 102 3487; x_wconf 74' lang='lat' dir='ltr'>cu</span> <span class='ocrx_word' id='word_1_329' title='bbox 117 3439 166 3482; x_wconf 90' lang='lat' dir='ltr'>um</span> <span class='ocrx_word' id='word_1_330' title='bbox 187 3416 218 3480; x_wconf 91' lang='lat' dir='ltr'>in</span> <span class='ocrx_word' id='word_1_331' title='bbox 241 3418 299 3482; x_wconf 87' lang='lat' dir='ltr'>alio</span> <span class='ocrx_word' id='word_1_332' title='bbox 320 3415 613 3495; x_wconf 87' lang='lat' dir='ltr'>animadvertissent,</span> <span class='ocrx_word' id='word_1_333' title='bbox 634 3412 770 3477; x_wconf 87' lang='lat' dir='ltr'>continuo</span> <span class='ocrx_word' id='word_1_334' title='bbox 792 3409 837 3474; x_wconf 92' lang='lat' dir='ltr'>illi</span> <span class='ocrx_word' id='word_1_335' title='bbox 858 3430 1022 3495; x_wconf 84' lang='lat' dir='ltr'>cognomen</span> <span class='ocrx_word' id='word_1_336' title='bbox 1042 3411 1161 3496; x_wconf 88' lang='lat' dir='ltr'>indere,</span> <span class='ocrx_word' id='word_1_337' title='bbox 1200 3437 1238 3480; x_wconf 95' lang='lat' dir='ltr'>uo</span> 
     </span>
     <span class='ocr_line' id='line_1_39' title="bbox 64 3435 1238 3591; baseline -0.012 -22"><span class='ocrx_word' id='word_1_338' title='bbox 64 3501 144 3569; x_wconf 91' lang='lat' dir='ltr'>illud</span> <span class='ocrx_word' id='word_1_339' title='bbox 164 3501 302 3588; x_wconf 92' lang='lat' dir='ltr'>quidquid</span> <span class='ocrx_word' id='word_1_340' title='bbox 330 3508 425 3582; x_wconf 86' lang='lat' dir='ltr'>esset,</span> <span class='ocrx_word' id='word_1_341' title='bbox 452 3520 514 3564; x_wconf 88' lang='lat' dir='ltr'>non</span> <span class='ocrx_word' id='word_1_342' title='bbox 540 3498 657 3564; x_wconf 87' lang='lat' dir='ltr'>inlicete</span> <span class='ocrx_word' id='word_1_343' title='bbox 682 3501 829 3560; x_wconf 89' lang='lat' dir='ltr'>notarent.</span> <span class='ocrx_word' id='word_1_344' title='bbox 849 3493 1016 3591; x_wconf 66' lang='lat' dir='ltr'>⁸Exagitet</span> <span class='ocrx_word' id='word_1_345' title='bbox 1043 3495 1098 3561; x_wconf 91' lang='lat' dir='ltr'>boc</span> <span class='ocrx_word' id='word_1_346' title='bbox 1118 3518 1156 3586; x_wconf 97' lang='lat' dir='ltr'>po</span> <span class='ocrx_word' id='word_1_347' title='bbox 1176 3435 1238 3564; x_wconf 66' lang='grc' dir='ltr'>ἀι.</span> 
     </span>
     <span class='ocr_line' id='line_1_40' title="bbox 64 3519 1237 3735; baseline -0.008 -82"><span class='ocrx_word' id='word_1_348' title='bbox 64 3586 297 3735; x_wconf 75' lang='grc' dir='ltr'><strong><em>τίσωΕτιιοιοω</em></strong></span> <span class='ocrx_word' id='word_1_349' title='bbox 329 3585 456 3650; x_wconf 88' lang='lat' dir='ltr'>studium</span> <span class='ocrx_word' id='word_1_350' title='bbox 481 3580 715 3648; x_wconf 81' lang='lat' dir='ltr'>Anaxandrides</span> <span class='ocrx_word' id='word_1_351' title='bbox 748 3580 781 3644; x_wconf 90' lang='lat' dir='ltr'>in</span> <span class='ocrx_word' id='word_1_352' title='bbox 807 3577 898 3646; x_wconf 79' lang='lat' dir='ltr'>Ulixe</span> <span class='ocrx_word' id='word_1_353' title='bbox 929 3599 976 3667; x_wconf 88' lang='lat' dir='ltr'>ap.</span> <span class='ocrx_word' id='word_1_354' title='bbox 996 3576 1108 3647; x_wconf 80' lang='lat' dir='ltr'>Athen.</span> <span class='ocrx_word' id='word_1_355' title='bbox 1133 3519 1188 3652; x_wconf 80' lang='lat' dir='ltr'>ldl.</span> <span class='ocrx_word' id='word_1_356' title='bbox 1207 3605 1237 3673; x_wconf 90' lang='lat' dir='ltr'>p.</span> 
     </span>
     <span class='ocr_line' id='line_1_41' title="bbox 61 3670 1010 3855; baseline -0.009 -35"><span class='ocrx_word' id='word_1_357' title='bbox 61 3670 254 3836; x_wconf 59' lang='grc' dir='ltr'>212Ὑμεῖς</span> <span class='ocrx_word' id='word_1_358' title='bbox 274 3751 333 3839; x_wconf 87' lang='grc' dir='ltr'>γάρ</span> <span class='ocrx_word' id='word_1_359' title='bbox 356 3747 506 3835; x_wconf 80' lang='grc' dir='ltr'><strong><em>ἀλλήλους</em></strong></span> <span class='ocrx_word' id='word_1_360' title='bbox 527 3748 572 3815; x_wconf 75' lang='grc' dir='ltr'>ἀεὶ</span> <span class='ocrx_word' id='word_1_361' title='bbox 592 3744 759 3832; x_wconf 82' lang='grc' dir='ltr'><strong><em>χλευάζετ’,</em></strong></span> <span class='ocrx_word' id='word_1_362' title='bbox 782 3741 843 3855; x_wconf 67' lang='lat' dir='ltr'>olql&#39;</span> <span class='ocrx_word' id='word_1_363' title='bbox 864 3744 1010 3830; x_wconf 79' lang='grc' dir='ltr'><strong><em>ἀκριβῶς.</em></strong></span> 
     </span>
     <span class='ocr_line' id='line_1_42' title="bbox 148 3829 1034 3922; baseline -0.01 -18"><span class='ocrx_word' id='word_1_364' title='bbox 148 3836 203 3905; x_wconf 65' lang='lat' dir='ltr'>to</span> <span class='ocrx_word' id='word_1_365' title='bbox 227 3839 283 3922; x_wconf 83' lang='grc' dir='ltr'><strong><em>μίν</em></strong></span> <span class='ocrx_word' id='word_1_366' title='bbox 303 3835 362 3922; x_wconf 85' lang='grc' dir='ltr'>γάρ</span> <span class='ocrx_word' id='word_1_367' title='bbox 383 3829 403 3922; x_wconf 77' lang='grc' dir='ltr'><strong><em>ᾖ</em></strong></span> <span class='ocrx_word' id='word_1_368' title='bbox 424 3861 471 3912; x_wconf 87' lang='grc' dir='ltr'>τις</span> <span class='ocrx_word' id='word_1_369' title='bbox 492 3830 657 3918; x_wconf 74' lang='grc' dir='ltr'><strong><em>εὐπρεπής,</em></strong></span> <span class='ocrx_word' id='word_1_370' title='bbox 685 3831 765 3916; x_wconf 80' lang='grc' dir='ltr'><strong><em>ίιρόν</em></strong></span> <span class='ocrx_word' id='word_1_371' title='bbox 784 3855 884 3916; x_wconf 84' lang='grc' dir='ltr'><strong><em>γαμον</em></strong></span> <span class='ocrx_word' id='word_1_372' title='bbox 904 3837 1034 3895; x_wconf 80' lang='grc' dir='ltr'><strong><em>καλεῖτε·</em></strong></span> 
     </span>
     <span class='ocr_line' id='line_1_43' title="bbox 147 3911 1008 4008; baseline -0.015 -18"><span class='ocrx_word' id='word_1_373' title='bbox 147 3921 224 3993; x_wconf 81' lang='grc' dir='ltr'><strong><em>,Ἕάν</em></strong></span> <span class='ocrx_word' id='word_1_374' title='bbox 245 3924 278 3988; x_wconf 80' lang='grc' dir='ltr'>ἀί</span> <span class='ocrx_word' id='word_1_375' title='bbox 297 3921 408 4008; x_wconf 84' lang='grc' dir='ltr'><strong><em>μικρὸν</em></strong></span> <span class='ocrx_word' id='word_1_376' title='bbox 428 3925 583 3996; x_wconf 80' lang='grc' dir='ltr'><strong><em>παντελῶς</em></strong></span> <span class='ocrx_word' id='word_1_377' title='bbox 604 3915 800 4003; x_wconf 78' lang='grc' dir='ltr'><strong><em>ἀνθρώπιον,</em></strong></span> <span class='ocrx_word' id='word_1_378' title='bbox 821 3911 1008 4000; x_wconf 87' lang='grc' dir='ltr'><strong><em>σταλαγμόν.</em></strong></span> 
     </span>
     <span class='ocr_line' id='line_1_44' title="bbox 151 3991 1051 4105; baseline -0.014 -31"><span class='ocrx_word' id='word_1_379' title='bbox 151 4005 314 4093; x_wconf 87' lang='grc' dir='ltr'><strong><em>Λαμπρός</em></strong></span> <span class='ocrx_word' id='word_1_380' title='bbox 334 4033 380 4083; x_wconf 91' lang='grc' dir='ltr'>τις</span> <span class='ocrx_word' id='word_1_381' title='bbox 401 4002 575 4088; x_wconf 71' lang='grc' dir='ltr'><strong><em>ἐξελήλυθ’,</em></strong></span> <span class='ocrx_word' id='word_1_382' title='bbox 597 4002 692 4078; x_wconf 74' lang='grc' dir='ltr'><strong><em>εὐθὺς</em></strong></span> <span class='ocrx_word' id='word_1_383' title='bbox 713 3999 823 4077; x_wconf 85' lang='grc' dir='ltr'><strong><em>όλολυς</em></strong></span> <span class='ocrx_word' id='word_1_384' title='bbox 844 3991 1051 4105; x_wconf 51' lang='grc' dir='ltr'><strong><em>οάτόςΙίστιν·</em></strong></span> 
     </span>
     <span class='ocr_line' id='line_1_45' title="bbox 150 4086 1085 4180; baseline -0.014 -22"><span class='ocrx_word' id='word_1_385' title='bbox 150 4093 301 4180; x_wconf 87' lang='grc' dir='ltr'><strong><em>Λιπαρός</em></strong></span> <span class='ocrx_word' id='word_1_386' title='bbox 322 4100 483 4176; x_wconf 83' lang='grc' dir='ltr'><strong><em>περιπατεῖ</em></strong></span> <span class='ocrx_word' id='word_1_387' title='bbox 498 4092 682 4172; x_wconf 80' lang='grc' dir='ltr'><strong><em>Δημοκλῆς,</em></strong></span> <span class='ocrx_word' id='word_1_388' title='bbox 709 4086 809 4166; x_wconf 84' lang='grc' dir='ltr'><strong><em>ζωμός</em></strong></span> <span class='ocrx_word' id='word_1_389' title='bbox 836 4103 1085 4163; x_wconf 84' lang='grc' dir='ltr'><strong><em>κατωνομασται·</em></strong></span> 
     </span>
     <span class='ocr_line' id='line_1_46' title="bbox 36 4167 1066 4263; baseline -0.011 -21"><span class='ocrx_word' id='word_1_390' title='bbox 36 4244 45 4259; x_wconf 63' lang='lat'>,</span> <span class='ocrx_word' id='word_1_391' title='bbox 151 4178 264 4263; x_wconf 80' lang='grc' dir='ltr'><strong><em>Χαίρει</em></strong></span> <span class='ocrx_word' id='word_1_392' title='bbox 285 4201 330 4254; x_wconf 85' lang='grc' dir='ltr'>τις</span> <span class='ocrx_word' id='word_1_393' title='bbox 351 4176 479 4259; x_wconf 79' lang='grc' dir='ltr'><strong><em>αὐχμῶν</em></strong></span> <span class='ocrx_word' id='word_1_394' title='bbox 498 4174 518 4259; x_wconf 85' lang='grc' dir='ltr'><strong><em>ή</em></strong></span> <span class='ocrx_word' id='word_1_395' title='bbox 541 4173 662 4261; x_wconf 80' lang='grc' dir='ltr'><strong><em>ῥυπῶν,</em></strong></span> <span class='ocrx_word' id='word_1_396' title='bbox 684 4167 1066 4254; x_wconf 53' lang='grc' dir='ltr'><strong><em>κονιορτόςζάναπίφηνεν·</em></strong></span> 
     </span>
     <span class='ocr_line' id='line_1_47' title="bbox 142 4253 1033 4419; baseline -0.024 -83"><span class='ocrx_word' id='word_1_397' title='bbox 142 4258 297 4335; x_wconf 67' lang='lat' dir='ltr'>”Ouedra</span> <span class='ocrx_word' id='word_1_398' title='bbox 311 4261 488 4330; x_wconf 74' lang='grc' dir='ltr'><strong><em>ἀκολουθεῖ</em></strong></span> <span class='ocrx_word' id='word_1_399' title='bbox 504 4256 598 4353; x_wconf 80' lang='grc' dir='ltr'><strong><em>κόλαξ</em></strong></span> <span class='ocrx_word' id='word_1_400' title='bbox 618 4261 678 4347; x_wconf 71' lang='grc' dir='ltr'><strong><em>τῷ,</em></strong></span> <span class='ocrx_word' id='word_1_401' title='bbox 698 4256 812 4339; x_wconf 72' lang='grc' dir='ltr'><strong><em>λέμβος</em></strong></span> <span class='ocrx_word' id='word_1_402' title='bbox 832 4253 1033 4419; x_wconf 66' lang='grc' dir='ltr'><strong><em>ἔπικίκλητῳι.</em></strong></span> 
     </span>
     <span class='ocr_line' id='line_1_48' title="bbox 1016 4357 1032 4388; baseline 0 0"><span class='ocrx_word' id='word_1_403' title='bbox 1016 4357 1032 4388; x_wconf 58' lang='lat' dir='ltr'>U</span> 
     </span>
    </p>
   </div>
   <div class='ocr_carea' id='block_1_5' title="bbox 0 0 1384 4792">
    <p class='ocr_par' dir='ltr' id='par_1_8' title="bbox 0 0 1384 4792">
     <span class='ocr_line' id='line_1_49' title="bbox 0 0 1384 4792; baseline 0 7"><span class='ocrx_word' id='word_1_404' title='bbox 0 0 1384 4792; x_wconf 95' lang='lat' dir='ltr'> </span> 
     </span>
    </p>
   </div>
  </div>
 </body>
</html>
