2768 4770
331 207 390 273 nn
413 207 556 283 numo.
577 192 765 278 eunoun.
786 208 892 278 nur.
913 208 1059 293 numo,
1111 282 1113 288 ,
1210 213 1276 283 aaa

102 375 210 443 eodem
231 377 295 440 loco
316 374 470 464 Eupolidis
490 377 649 443 vanitatem
670 376 897 444 Atheniensium
917 379 1079 446 irridentis.
1109 378 1172 445 Ista
1191 382 1276 445 vani·

100 469 166 527 tate
186 460 415 526 Atheniensium
436 462 541 526 callide
561 463 605 527 uti
624 462 758 528 sciebant
775 462 870 550 legati
891 463 1014 528 aliorum
1036 464 1194 546 civitatum,
1215 466 1276 533 vid.

101 546 261 634 Aristoph.
284 545 414 611 Acbarn.
435 547 627 612 ons-616.
660 544 785 614 Videtur
806 555 902 612 autem
923 547 1047 637 Eupolis
1068 549 1142 613 haec
1162 550 1276 616 dixisse

102 633 139 698 in
160 631 291 696 dramate
319 631 405 719 paulo
436 639 503 718 post
523 630 715 719 Sphacteriaa
741 634 990 782 expugnationem
1012 632 1078 698 dato
1104 655 1200 719 neque
1223 658 1276 700 ex-

103 723 258 805 spectasse
292 714 359 779 dum
391 737 440 780 res
471 724 616 780 vetustate
631 722 634 727 ⁴
647 717 713 804 ipsa
744 739 779 782 re
793 717 925 781 fixisset.
970 717 1046 791 Quid
1074 719 1150 803 quod
1183 719 1276 785 tribus

104 808 273 889 quatuorve
288 801 375 864 annis
396 800 563 889 postillam
585 803 833 889 expugnationem
847 800 942 868 Cleon
962 803 1139 867 inTbracia
1161 804 1275 887 cecidit,

105 885 243 973 quivirit
261 884 498 972 in·fragmeutol
521 885 648 963 Omnino
669 886 741 951 talia
761 886 881 951 multum
902 887 1006 952 iactari
1027 888 1133 970 solent,
1155 900 1275 954 recente

104 992 209 1036 eorum
230 971 387 1051 memoria,
419 992 489 1034 mox
508 991 582 1035 vero
623 971 720 1035 enitus
739 972 774 1035 in
795 971 971 1036 oblivionem
993 972 1110 1038 abeunt.
1151 972 1193 1036 Et
1213 996 1277 1039 cre·

104 1055 210 1122 demus
226 1053 336 1119 Susidae
357 1055 393 1118 de
405 1054 569 1121 Eubulot“
601 993 711 1120 bubuli
731 1062 762 1129 at
782 1055 936 1144 Eupolidis
957 1057 1077 1122 nomina
1097 1056 1185 1121 etiam
1206 1058 1278 1124 alibi

104 1141 248 1220 contusa,
275 1139 343 1204 vide
365 1160 438 1224 quae
466 1139 529 1204 dixi
555 1140 589 1203 in
615 1140 847 1205 Zimmermanni
867 1139 1036 1205 Annalibus
1059 1141 1143 1207 1837
1166 1142 1223 1208 Nr.
1244 1145 1277 1226 5,

105 1224 185 1311 quod
211 1226 435 1312 praeoccupavit
460 1225 633 1289 Meinekius
656 1223 776 1298 Quaest.
798 1224 887 1290 Scan.
909 1224 961 1314 Sp.
982 1225 1039 1290 Ill.
1060 1249 1089 1314 p.
1110 1229 1161 1291 23.
1182 1226 1278 1293 Athe-

105 1311 230 1375 nienses
257 1316 352 1373 autem
379 1309 431 1375 illo
461 1310 526 1398 ipso
556 1317 709 1397 tempore,
742 1330 798 1394 quo
827 1307 901 1375 Cleo
927 1311 1100 1397 necopinato
1127 1311 1279 1379 victoriam

92 1394 189 1476 ,illam
211 1393 248 1457 de
270 1393 424 1481 Spartanis
446 1402 664 1482 reportaverat,
693 1394 783 1458 nimia
803 1394 916 1458 laetitia
936 1398 1100 1482 gestientes
1120 1396 1179 1460 iam
1201 1419 1280 1462 sum·

105 1500 185 1545 maur
206 1478 372 1542 felicitatem
395 1501 570 1564 aureamque
587 1479 673 1561 quasi
701 1485 825 1543 aetatem
846 1479 1010 1544 restitutam
1032 1480 1071 1544 iri
1091 1481 1204 1546 volucri
1225 1504 1278 1571 spe

106 1563 215 1649 agitati
235 1564 445 1650 opinabantur,
465 1564 563 1648 itaque
584 1563 708 1650 Eupolis
729 1550 806 1627 haino
828 1565 1005 1629 comoediam
1026 1568 1175 1649 Χρυοοῦν
1196 1567 1280 1649 γένος

72 1710 75 1714 ’
105 1648 532 1799 λῗ“ἒλλῗλλ.ἓλὲλλλλλι“
553 1646 1280 1806 Οίίδίίλλλλλίλίλ.ίωλίλὲίοῖῗλλῗ

109 1815 293 1883 Κυκλώπων
314 1815 491 1881 κατάκλισιν
511 1752 654 1897 τιδι’ίνομα,
670 1813 767 1889 οίίτως
786 1816 866 1900 φησί
887 1757 929 1855 C„
951 1757 976 1820 ῳ
1002 1758 1022 1818 y
1188 1761 1206 1820 η

512 1899 584 1963 Ἐπί
600 1898 632 1964 τ’
656 1898 762 1982 εἴσειμ’
787 1897 899 1965 ἐνθάδε
918 1899 1024 1982 μείνας

196 1988 252 2060 Εἷς
272 1982 431 2065 ώμιλλαν,
447 1981 503 2048 adis
523 1985 567 2068 μὴ
587 1985 703 2071 μετίης.

110 2071 257 2136 Ιῖπόοἰω
283 2070 358 2134 haec
376 2070 556 2169 corrigenda
576 2077 654 2134 sunt
698 2067 846 2157 Cyclopes
867 2073 964 2133 autam
983 2068 1117 2153 induxit,
1145 2072 1283 2159 quoniam

111 2157 194 2222 lanua
214 2155 372 2240 antiquitus
393 2155 502 2220 tradita
521 2156 594 2237 fuit,
615 2155 684 2221 olim
701 2152 849 2242 Cyclopas
869 2154 1004 2221 homiues
1024 2156 1133 2243 probos
1155 2163 1185 2220 et
1204 2159 1282 2246 pios,

112 2240 231 2313 eosdem
258 2240 364 2304 artium
390 2241 600 2305 solertissimos
633 2245 785 2321 auctores,
803 2247 921 2306 'terram
946 2238 1107 2307 incoluisse
1135 2242 1283 2328 demque

111 2325 272 2414 simplicem
295 2325 494 2410 quidem,<sed
518 2327 631 2389 beatam
652 2329 682 2389 et
701 2325 855 2389 honestam
872 2323 1006 2410 degisse:
1028 2347 1112 2411 quam
1134 2327 1283 2412 antiquam

110 2410 220 2477 famam
241 2410 328 2474 etiam
350 2409 498 2476 Homerus
520 2411 651 2494 sequitur
673 2408 782 2494 Odyss.
803 2406 887 2476 vlll.
908 2431 937 2474 v.
959 2412 1044 2493 202,
1065 2413 1115 2476 nbi
1136 2411 1281 2478 Alcinous

111 2495 266 2559 Phaeacas
287 2495 399 2582 pariter
419 2500 505 2579 atquo
527 2493 675 2582 Cyclopas
695 2493 829 2556 Deorum
852 2493 999 2557 consortio
1020 2495 1081 2569 frui
1101 2496 1261 2582 gloriatur·

197 2581 268 2642 Ata
289 2579 347 2664 γὰρ
368 2579 404 2644 τὸ
425 2579 524 2663 πιίρος
544 2603 576 2663 γε
596 2579 665 2642 θεοί
687 2577 847 2662 φαίνονται
870 2578 1016 2659 ἐναργεῖς,

194 2660 303 2744 Ἡμῖν,
332 2657 393 2729 εὖτ’
418 2661 553 2749 ίρδωμεν
574 2661 754 2747 ἀγακλειτὰς
775 2656 958 2741 ἑκατόμβας,

201 2749 372 2813 Δαίνυνταί
389 2774 422 2814 τε
444 2747 518 2833 παρ’
543 2745 624 2830 ίίμμι
645 2743 829 2829 καθήμενοι,
850 2743 984 2829 ἔνθαπερ
1005 2742 1100 2828 ἡμεῖς.

199 2835 240 2896 Εἰ
260 2832 293 2896 δ’
316 2832 378 2920 δίρα
399 2857 446 2909 τις
466 2836 516 2897 καί
537 2838 651 2914 μοῦνος
673 2829 728 2896 luia
748 2828 920 2913 ξνίμβληται
943 2827 1056 2912 ὁδίτης,

206 2915 282 2982 Οίίτι
305 2915 584 3003 κατακρύπτουσιν·
605 2917 672 2982 ἐπεί
690 2940 796 3002 σφισιν
817 2913 944 3000 ἐγγύθεν
964 2917 1057 2998 είμίν,

195 2999 312 3088 Ὥσπερ
335 3000 503 3079 Κύκλωπές
522 3028 554 3067 τε
576 3005 626 3066 καί
647 3000 740 3086 ι’ίγρια
762 3005 847 3088 φῦλα
868 2997 1033 3083 Γιγάντων.

114 3087 245 3175 Propter
264 3090 400 3176 pietatem
413 3091 491 3154 enim
509 3089 645 3177 proxime
659 3088 695 3152 ad
708 3087 790 3152 Deos
807 3085 947 3151 accedere
969 3084 1175 3150 credebantur:
1197 3086 1286 3152 iidem

115 3194 190 3238 vero
212 3174 317 3237 artium
337 3174 527 3262 plurimarum
539 3172 710 3261 peritissimi
731 3171 924 3252 habebantur,
944 3172 1041 3254 itaque
1057 3170 1195 3257 ingentes
1216 3172 1288 3236 illas¹

115 3258 210 3324 molas
238 3267 334 3343 atque
350 3261 466 3323 moenia
498 3259 670 3346 antiquitate
699 3255 834 3343 insignia
860 3255 899 3322 ad
925 3254 1073 3342 Cyclopes
1105 3256 1286 3339 reserabant,

115 3343 196 3407 uude
217 3343 370 3428 Tyrtaeus
390 3344 446 3408 111.
467 3345 503 3407 3:
956 3366 959 3376 ·
1325 3353 1329 3356 ’

206 3427 285 3492 Οὐδ’
310 3431 336 3491 εἰ
357 3424 537 3492 Κυκλώπων
553 3425 610 3508 μὲν
630 3421 694 3507 ἔχοι
714 3418 845 3507 μίγεθός
865 3446 897 3487 τε
917 3423 989 3507 βίην
1009 3447 1051 3502 τε,
1086 3441 1088 3445 “

270 3509 379 3600 Νικηίη
401 3513 435 3576 δὲ
453 3512 538 3576 θέων
561 3512 708 3594 Θρηίκιον
728 3507 860 3590 Βορέαν.

114 3597 220 3681 ltaque
242 3598 328 3662 etiam
348 3595 577 3681 χειρογοίοτορες
602 3603 672 3661 sunt
698 3594 852 3704 appellati,
878 3591 939 3657 rid.
961 3590 1120 3658 Scholiast.
1140 3590 1285 3661 Aristidis

115 3680 160 3747 Τ.
181 3681 237 3744 ΙΠ.
262 3705 290 3771 p.
312 3682 378 3747 408
403 3682 451 3746 ed.
476 3681 597 3745 Diuus:
641 3679 689 3745 Ίίι
714 3703 773 3762 γαρ
799 3679 1005 3743 Κυκλωπείων
1034 3678 1083 3743 ἐπὶ
1120 3674 1288 3764 προθώρων
1340 3692 1343 3702 “

115 3767 258 3847 σημαίνει
278 3764 314 3831 τὸ
328 3764 453 3875 Ἄργος,
482 3764 641 3848 ἐπειδήπερ
663 3764 693 3828 oi
713 3761 883 3836 Κύκλωπες
903 3763 936 3838 ἐξ
962 3760 1060 3845 ἀρχῆς
1080 3762 1227 3845 ἐτείχισαν
1251 3763 1288 3828 τὸ

107 3848 273 3935 ’Ἄργοςοῖ
300 3857 479 3932 καλοομενοι
503 3851 750 3936 χειρογιίστορις,
792 3845 878 3935 παρολ
899 3846 934 3911 τὸ
955 3849 988 3913 ίκ
1008 3851 1070 3914 τών
1088 3854 1199 3926 χειροῖν
1220 3851 1287 3930 ζῆν·
1347 3887 1350 3892 -

114 3936 190 4015 τρία
216 3935 283 4019 γὰρ.
305 3936 375 4018 γίνη
403 3939 497 4022 φασίν
524 3932 599 3999 εἶναι
624 3930 821 4009 Κυκλώπων,
852 3930 925 4009 roric
951 3930 1030 3999 κατὰ
1056 3928 1110 3998 τὸν
1127 3930 1291 4010 Ὀδυσσέα,

116 4022 264 4096 Σικελοδς
286 4019 390 4099 ὄντας,
420 4024 470 4086 καὶ
497 4017 628 4097 τούτους
652 4020 725 4094 τοὺς
748 4043 794 4100 χιι
816 4014 985 4102 ογώοτοριις
1006 4018 1062 4081 ,καί
1082 4013 1155 4091 τοὺς
1175 4023 1289 4082 καλου-

114 4105 230 4186 μίνσος
253 4105 423 4190 οὐρανίους.
467 4105 646 4191 Quamquam
671 4105 723 4170 ille
764 4045 860 4169 uiden
887 4120 947 4169 non
974 4108 1055 4200 recte
1075 4100 1200 4201 Homeri
1220 4103 1290 4169 illos

117 4191 270 4280 Cyclopes
292 4193 328 4256 ab
342 4193 388 4256 his
403 4193 567 4280 distinguit.
588 4192 722 4276 Namque
734 4126 897 4276 Cyclopum
919 4207 996 4274 geas
1008 4186 1065 4252 suut
1078 4187 1292 4272 antiqurssina,

117 4299 197 4364 quae
221 4277 358 4367 quamdiu
380 4286 514 4343 naturam
536 4279 638 4344 ducem
664 4276 855 4362 sequebatur,
886 4271 958 4340 deos
979 4272 1027 4361 pio
1048 4270 1146 4365 auimo
1166 4271 1294 4356 colebat,
1317 4338 1320 4347 ,
