2760 4792
149 205 213 272 176
527 202 933 272 COMMENTATIONES

150 375 188 439 de
208 374 263 438 hac
284 372 438 461 Diagorae
459 370 701 436 condemnatione
721 371 763 436 ita
783 371 922 458 loquitur,
942 376 975 437 ut
996 392 1060 439 eam
1081 380 1230 443 recentem
1251 381 1317 441 tuuc

149 459 243 523 fuisse
265 459 337 523 satis
360 481 377 522 a
396 463 513 546 pareat:

236 545 318 626 Τῇδε
338 569 361 623 μ
378 567 441 605 ντοι
461 540 587 627 θήμέρᾳ
612 535 737 620 μάλιστ’
761 539 1024 626 ἐπαναγορεύεται,

227 625 294 692 Ἢν
314 627 345 690 τ’
370 626 582 710 ἀποκτείνῃ
611 649 656 699 τις
677 621 765 706 ἀμῶν
785 624 946 708 Διαγόραν
965 624 1020 689 τόν
1040 620 1168 707 Μήλιον

233 709 420 791 Λαμβύνειν
440 707 606 786 τάλαντον,
628 706 665 791 ήν
687 732 718 773 τε
738 714 801 773 τῶν
821 708 977 796 τυράννων
997 711 1043 785 τίς
1062 734 1132 773 τινα

236 800 308 860 Τῶν
329 793 521 878 τεθνηκότων
542 793 721 880 ἀποκτείνῃ,
741 790 891 859 τάλαντον
911 791 1088 876 λαμβάνειν.

149 880 202 947 Sic
214 882 292 945 enim
307 882 385 968 lego.
408 881 697 965 Schohastaquoque
713 879 750 944 ad
762 879 844 943 illum
859 879 952 943 locum
964 900 1020 964 quo
1032 886 1162 966 tompore
1174 877 1315 965 expulsus

147 966 238 1030 fuerit
257 966 409 1053 Diagoras
432 968 516 1031 dicit:
547 956 647 1040 Οὗτος
666 963 743 1045 μετὰ
768 962 824 1045 τὴν
845 961 957 1028 ἅλωσιν
978 960 1094 1045 Μήλου
1121 963 1153 1025 ἓν
1172 959 1316 1045 Ἀθήναις

148 1049 232 1136 ᾤκει,
260 1050 299 1114 τά
321 1053 355 1115 ἀὲ
374 1049 528 1133 μυστήρια
549 1049 700 1133 ήύτελιζεν
721 1044 762 1123 ὡς
783 1049 917 1125 πολλούς
939 1048 1090 1129 ἐκτρέπειν
1110 1051 1253 1128 τελετήςε
1285 1056 1316 1113 et

146 1137 255 1202 ibidem
277 1136 366 1200 alius.
388 1137 601 1218 ἐκκεκήρυκται
624 1134 658 1198 δὲ
676 1129 811 1214 μάλιστα
827 1129 887 1197 ἀπὸ
908 1133 963 1214 τήν
982 1131 1096 1196 ἀλωοιν
1116 1136 1171 1212 τής
1183 1129 1314 1213 Μήλου·

148 1219 304 1304 οὐδὲνγὰρ
319 1217 425 1285 κωλύει
447 1218 601 1304 πρότερον.
623 1219 676 1284 sed
697 1219 771 1284 haec
792 1224 892 1304 aperte
905 1218 1008 1281 vitiata
1029 1225 1108 1296 sunt,
1128 1216 1315 1281 scribendum

148 1313 211 1370 aut:
242 1304 329 1367 ούιλέν
349 1306 407 1389 γὰρ
429 1302 571 1368 κελεύει
593 1301 756 1387 πρότερον,
787 1310 838 1366 aut
859 1301 947 1366 οάδὲν
968 1302 1008 1365 δὲ
1028 1297 1135 1364 κωλύει
1156 1296 1314 1384 πρότερον,

146 1397 179 1453 ut
199 1389 276 1452 dicat
297 1390 370 1454 nihil
392 1391 508 1471 obesse,
529 1391 681 1474 quominus
693 1390 857 1476 Diagoram
880 1393 948 1450 ante
968 1385 1043 1449 Meli
1065 1386 1315 1535 expugnationem

146 1474 371 1538 exterminatum
393 1496 460 1538 esse
481 1482 651 1539 statuamus.
678 1474 777 1540 Melos
799 1482 894 1538 autem
916 1479 1001 1561 capta
1022 1477 1106 1535 esta
1146 1470 1316 1535 Athenien·

145 1560 227 1623 sibus
255 1558 371 1646 Olymp.
393 1558 475 1625 Xer.
498 1562 516 1624 1
546 1562 685 1624 archonte
705 1558 834 1622 Athenis
855 1558 1041 1623 Arimnesto:
1086 1555 1139 1619 sed
1160 1554 1312 1643 Diagoras

146 1645 210 1707 sive
231 1642 366 1707 Athenas
389 1665 422 1707 se
444 1644 580 1725 contulit⁷
602 1645 698 1732 patria
719 1645 791 1707 urbe
814 1665 935 1725 eversa,
964 1643 1027 1706 sive
1049 1639 1125 1726 quud
1146 1638 1210 1704 veri
1231 1640 1312 1705 simi·

143 1728 202 1793 lius
224 1728 362 1808 arbitror,
383 1729 441 1792 iam
463 1736 550 1792 antea
570 1728 699 1793 Athenis
720 1736 766 1792 est
782 1737 984 1809 commoratum
1004 1727 1037 1791 in
1059 1724 1179 1789 exilium
1201 1724 1311 1789 eiectus

145 1821 192 1876 est
213 1821 280 1876 ante
302 1813 374 1877 illud
395 1813 489 1901 ipsum
511 1822 622 1902 tempus
644 1834 700 1898 quo
716 1812 932 1901 Aristophanes
954 1812 1051 1878 docuit
1071 1815 1166 1890 Aves,
1187 1808 1244 1873 hoc
1264 1816 1313 1875 est

145 1897 232 1997 Olym
255 1944 262 1961 .
283 1896 364 1963 XCI.
385 1901 407 1962 2
422 1906 563 1996 praetore
586 1897 730 1963 Chabria:
753 1898 904 1982 firmatque
925 1899 982 1962 hoc
1002 1895 1129 1960 Diodori
1151 1893 1309 1959 auctoritas

144 2003 194 2067 qur
258 1981 297 2045 H.
319 1983 355 2062 8,
382 1983 431 2045 ubi
460 1983 496 2046 de
523 1984 611 2046 rebus
639 1982 691 2045 illo
713 2003 790 2045 anuo
818 1984 912 2067 gestis
939 1981 1080 2066 loquitur:
1127 1976 1255 2043 Τούτων
1275 1978 1311 2043 δὲ

143 2066 375 2152 πραττομένων,
406 2066 516 2151 inquit,
537 2061 696 2149 Διαγόρας
722 2062 738 2127 ό
760 2068 884 2145 κληθείς
909 2063 1004 2140 ἀθεος
1034 2067 1183 2146 διαβολῆς
1209 2062 1310 2146 τυχὼν

143 2150 194 2215 ἐπ’
218 2149 341 2237 ἀσεβείᾳ
362 2152 411 2212 καὶ
434 2152 586 2234 φοβηθείς
606 2148 659 2213 τὸν
680 2150 778 2230 δῆμον
799 2148 907 2233 ἔφυγεν
928 2151 961 2213 ἐκ
981 2154 1036 2231 τής
1052 2149 1205 2231 Ἀττικῆς·
1227 2148 1258 2213 οἱ
1278 2144 1306 2213 δ’

138 2234 298 2316 Ἀθηναῖοι
325 2238 368 2318 τῷ
404 2230 538 2296 ἀνελόντι
565 2229 723 2318 Διαγόραν
759 2230 905 2317 ἀργυρίου
935 2230 1084 2298 τάλαντον
1111 2228 1309 2316 ἐπεκήρυξαν.

141 2319 216 2384 Inde
238 2318 325 2381 etiam
346 2317 468 2380 coniicio
489 2316 592 2381 Nubes
613 2316 823 2406 Aristophanis
844 2319 1000 2400 secundas,
1020 2319 1052 2382 in
1074 2320 1177 2405 quibus
1199 2317 1310 2384 Socra-

142 2410 200 2467 tem
221 2410 308 2490 poeta
321 2410 405 2465 vocat
419 2401 553 2483 Mehum‚
574 2423 634 2467 nun
656 2410 724 2467 ante
746 2403 823 2466 hunc
838 2426 946 2468 aunum
967 2404 1091 2492 scriptas
1113 2426 1192 2485 esse,
1212 2404 1255 2468 ita
1274 2410 1309 2467 ut

141 2489 207 2553 fere
229 2486 330 2551 eodem
343 2493 482 2576 tempore,
502 2508 557 2572 quo
569 2488 652 2552 Aves
668 2486 919 2580 etAmphiaraum
941 2490 1144 2578 composuerit.
1175 2488 1307 2553 Prorsus

141 2593 213 2636 vero
239 2573 271 2635 iu
294 2571 446 2659 Diagorae
473 2581 568 2636 aetate
595 2573 788 2638 describenda
815 2574 933 2639 aberrat
953 2572 1054 2639 Schol.
1074 2573 1154 2637 Ran.
1175 2595 1204 2638 v.
1224 2574 1307 2639 320:

134 2647 193 2721 Ἦν
214 2658 247 2719 δὲ
268 2645 357 2731 οὗτος
380 2653 573 2738 Τιγλεκλήτου
595 2667 676 2738 παῖς,
698 2656 824 2739 Μήλιος
844 2658 879 2722 τό
900 2659 1000 2741 γένος,
1022 2658 1076 2722 τόν
1093 2654 1205 2740 χρόνον
1224 2654 1306 2723 κατά

140 2742 315 2821 Σιμωνίδην
331 2743 381 2803 καὶ
395 2743 565 2824 Πίνδαρον.
587 2742 734 2826 aliquante
755 2743 863 2806 rectius
879 2742 1003 2808 Suidas:
1019 2741 1058 2808 ‘O
1070 2743 1103 2806 de*
1123 2745 1173 2806 uui
1195 2747 1306 2829 λυρικῇ

141 2825 282 2901 ἐπέθετο,
303 2834 368 2899 τοῖς
384 2821 507 2906 χρόνοις
528 2825 570 2889 ὢν
596 2824 689 2904 μετὰ
710 2828 870 2908 Πίνδαρον
889 2830 940 2891 καὶ
961 2828 1171 2909 Βακχυλίάην,
1192 2830 1308 2892 Μελα-

139 2911 282 2974 νιππίόου
304 2910 337 2973 δὲ
358 2906 569 2995 πρεσβύτερος.
591 2910 632 2975 Et
647 2910 801 2975 aPindari
842 2911 936 2977 uidem
958 2911 1187 2998 etBacchybdis
1208 2918 1307 2977 mnu

138 2995 225 3096 paulo
252 2994 309 3058 suit
333 2997 487 3075 remotior,
516 2996 652 3080 (aequalis
679 3017 750 3060 vcro
780 2933 999 3085 Milanippidae
1025 2996 1170 3079 iunioris,
1198 2997 1248 3081 qui
1261 3018 1307 3061 eu

138 3102 203 3168 ipso
225 3085 353 3167 tempore
375 3080 451 3167 apud
471 3079 643 3145 Perdiccam
664 3079 858 3146 Macedoniae
879 3103 981 3168 regem
1003 3094 1137 3146 versatus
1160 3088 1215 3145 est.
1241 3078 1307 3147 Sed

139 3164 273 3249 quoniam
294 3162 448 3252 Diagorae
475 3186 564 3229 causa
589 3186 645 3228 nos
666 3166 754 3229 nimis
776 3166 824 3230 diu
847 3189 865 3230 a
885 3165 1034 3315 proposito
1054 3166 1191 3247 retinuit,
1217 3186 1307 3253 prae·

139 3257 220 3313 tereo
242 3249 316 3313 alios
338 3258 368 3314 et
388 3257 489 3337 poetas
506 3257 535 3312 et
556 3249 755 3338 philosophos,
777 3252 825 3334 qui
846 3272 883 3314 ve
912 3251 1039 3314 antevel
1061 3250 1196 3339 proxima
1206 3256 1306 3315 aetate

137 3334 174 3397 ah
202 3333 438 3398 Atheniensibus
464 3334 621 3421 impietatis
648 3335 774 3399 accusati
801 3344 885 3417 sunt,
916 3335 992 3420 quod
1020 3335 1141 3400 deorum
1168 3342 1306 3401 nabrram

137 3425 167 3481 et
197 3418 371 3504 religionem
403 3419 601 3483 sustulissent
648 3419 725 3484 lllud
759 3418 873 3504 quidem
905 3425 1043 3507 apparet,
1075 3430 1143 3483 ante
1173 3418 1305 3485 Periclis

137 3501 285 3565 saeculum
306 3503 451 3567 neminem
473 3504 559 3568 huius
571 3504 701 3568 criminis
715 3504 875 3568 incusatum
894 3524 972 3585 esse,
993 3503 1063 3568 inde
1075 3505 1111 3568 ah
1132 3502 1186 3567 illa
1206 3510 1306 3569 aetate

135 3587 291 3737 plurimos:
333 3587 432 3673 itaque
462 3595 543 3653 recte
574 3589 645 3653 mihi
677 3588 779 3653 videor
805 3588 973 3679 Hipponem
1001 3586 1118 3654 Cratini
1149 3588 1304 3673 aequalem

150 3693 253 3735 ecrsse.

218 3755 287 3820 Iure
309 3761 405 3819 autom
427 3753 526 3844 Hippo
544 3777 656 3841 quoque
675 3756 790 3821 videtur
811 3756 941 3822 eiusdem
964 3756 1095 3822 criminis
1116 3754 1303 3823 insimulabas

135 3860 214 3921 esse,
234 3862 299 3904 cum
326 3848 480 3925 quaereret
501 3840 537 3904 de
558 3850 664 3905 natura
683 3863 781 3907 rerum
805 3850 891 3928 atque
911 3841 1030 3907 doceret
1048 3841 1192 3923 mundus,
1213 3841 1263 3926 qui
1284 3862 1304 3909 a

134 3924 293 3989 maioribus
305 3925 388 4009 quasi
399 3924 575 3989 domicilium
587 3925 730 4010 quoddam
742 3926 861 3990 deorum
882 3927 999 3991 habitus
1021 3932 1096 4007 erat,
1117 3946 1174 4011 qua
1186 3926 1304 3999 τοτίοιιο

134 4015 216 4073 ortus
241 4020 338 4091 esset,
370 4016 551 4097 negaretque
578 4010 731 4095 quidquam
757 4012 911 4076 ueritatem
936 4011 1046 4075 hahere
1077 4018 1197 4099 praeter
1228 4011 1304 4075 haec

133 4093 210 4181 ipsa,
231 4114 305 4177 quae
325 4094 379 4157 suh
397 4095 546 4158 oculorum
570 4095 737 4184 adspectum
759 4094 907 4175 caderent,
928 4115 1001 4180 quae
1023 4095 1054 4157 iu
1075 4117 1175 4160 rerum
1196 4102 1304 4159 natura

157 4178 346 4265 ignerantur:
382 4178 420 4243 cs.
442 4177 609 4243 Scholiasta
633 4181 664 4244 in
688 4177 762 4245 coo.
782 4179 863 4290 Reg.
890 4179 927 4244 ad
952 4177 1108 4245 Aristotel.
1129 4177 1302 4269 Metaphys.

133 4199 158 4328 i.
179 4265 210 4329 3.
231 4284 260 4352 p.
280 4263 346 4331 534
372 4262 418 4329 ed.
439 4261 596 4351 Braadisg
610 4262 718 4349 Ἔλεγε
737 4262 797 4352 γάρ
820 4266 967 4352 (lucar)
987 4264 1069 4349 μηδὲ
1097 4264 1200 4350 ἕτερον
1227 4260 1302 4331 εἶναι
