2760 4792
114 229 160 294 20
467 216 470 223 ⁴
492 218 896 292 COMMENTAUONES

115 396 214 483 plures
236 399 338 458 essent
359 393 439 475 (nam
460 391 498 456 de
538 389 742 476 ublicoaliquo
764 413 886 456 munere
907 390 956 456 hie
976 389 1103 456 locutum
1122 413 1191 457 esse
1213 414 1284 481 poe·

114 490 172 544 tam
194 500 317 542 necesse
338 478 396 561 est)
425 477 489 561 quis
517 413 608 541 luerit
634 473 800 541 Metrobius
832 477 942 563 ambigi
970 485 1081 564 potest:
1129 477 1284 565 probabile

114 574 211 627 tamen
240 569 287 628 est
315 563 410 627 fuisse
426 562 573 642 scribam,
617 562 665 647 qui
687 557 704 624 b
725 567 780 642 τῆς
801 557 916 636 πόλεως
937 561 1153 650 appellabatur,
1197 584 1284 648 quem
1315 620 1318 627 .

113 649 177 733 ipse
198 670 235 736 po
256 648 321 711 ulus
343 646 456 734 eligere
483 646 610 710 solebat:
654 652 796 710 memorat
822 647 900 710 hunc
920 654 1039 733 praeter
1060 642 1134 711 alids
1157 647 1284 734 Thucy·

114 734 196 797 dides
247 731 286 795 H.
316 732 372 795 102
410 727 449 794 Ὁ
476 731 509 794 δὲ
534 729 732 814 γραμματεὺς
758 735 813 812 τῆς
840 726 955 805 πόλεως
975 729 1141 814 ’παρελθὼν
1168 730 1284 815 δνίγνω

113 827 176 890 τοῖς
194 815 371 896 Ἀθηναίοις
400 815 587 899 (ἐπιστολὴν)
616 818 771 897 δηλοῦσαν
801 816 912 880 τοιαδί.
962 813 1115 881 Cimonem
1144 823 1283 882 autema

113 901 236 965 Cratino
258 907 315 964 tam
338 902 462 1000 egregio
490 901 646 988 praeconio
675 906 808 962 ornatum
836 921 904 964 esse
932 919 993 963 non
1020 901 1188 982 mirabitur,
1230 901 1282 988 qui

113 987 275 1049 accuratius
296 985 375 1049 illins
397 987 454 1049 viri
481 985 633 1071 ingenium
659 985 860 1071 perspexerit,
904 1005 989 1133 quem
1015 984 1208 1050 saluberrima
1234 984 1282 1073 rei

39 1090 43 1097 ·
112 1071 245 1156 publicae
267 1070 390 1134 consilia
412 1071 572 1156 agitavisse
593 1070 722 1132 fortasse
744 1069 802 1132 alio
824 1068 888 1132 loco
930 1070 1171 1169 emonstrabitur=
1197 1070 1280 1135 viros

113 1164 208 1218 antem
240 1156 332 1218 bonos
361 1161 391 1217 et
421 1155 561 1217 honestos
589 1153 710 1216 laudare
737 1174 832 1237 neque
860 1154 896 1216 ab
918 1154 1050 1217 instituto
1073 1162 1133 1218 anti
1154 1176 1209 1218 uae
1230 1175 1281 1218 co·

111 1240 243 1303 moediae
270 1260 364 1322 neque
392 1260 410 1300 a
437 1236 554 1302 Cratini
574 1239 697 1324 ingenio
720 1236 868 1301 abhorret.
917 1235 993 1301 Erat
1020 1237 1098 1304 enim
1126 1176 1280 1322 Cratinus,

112 1325 222 1411 pariter
243 1330 328 1408 atque
357 1323 447 1385 ceteri
476 1323 623 1411 principes
646 1321 781 1406 antiquae
804 1322 980 1401 comoediae,
1001 1322 1050 1387 vir
1071 1325 1195 1421 egregie
1208 1335 1290 1396 ino,

110 1418 208 1488 ratus,
229 1407 362 1492 idemque
385 1408 495 1494 antiqui
516 1408 606 1470 moris
629 1413 732 1470 tenax:
777 1406 914 1469 laudabat
933 1406 1027 1493 igitur
1046 1414 1157 1494 patmos
1180 1429 1279 1473 mores

110 1503 140 1556 et
173 1492 313 1555 maiorum
341 1492 491 1572 instituta,
534 1490 672 1554 laudabat
699 1491 779 1554 viros
812 1511 924 1555 morum
952 1490 1096 1578 probitate
1123 1493 1278 1579 insignese

110 1577 249 1640 censebat
270 1583 365 1639 autem
394 1597 457 1638 eam
480 1576 593 1639 demum
620 1575 825 1663 rempublicam
848 1575 960 1640 salvam
981 1576 1185 1663 integramque
1207 1599 1280 1642 con·
1334 1648 1337 1655 ,

109 1670 189 1724 stare
209 1682 314 1748 posse,
341 1662 374 1723 in
395 1682 452 1745 qua
472 1661 552 1724 cives
573 1660 685 1746 pudore
707 1660 803 1746 inagis
826 1667 855 1723 et
875 1661 1070 1741 verecundia,
1092 1682 1177 1746 quam
1198 1669 1279 1729 metu

108 1767 270 1832 poenaque,
293 1767 366 1829 quae
388 1752 468 1808 esset
490 1747 648 1807 constituta
659 1745 788 1830 legibus,
811 1752 956 1809 naturam
999 1746 1024 1808 's
1047 1766 1131 1830 quam
1153 1746 1279 1812 consilio

107 1835 154 1895 ius
167 1831 330 1914 bonumque
346 1836 548 1914 sequerentur,
570 1830 711 1916 lugerent
723 1829 940 1916 turpitudinem.
999 1837 1029 1895 to
1040 1851 1111 1894 vero
1124 1830 1212 1894 etiam
1225 1829 1291 1897 cie

108 1937 176 1980 mon
198 1915 255 1979 luit
276 1916 436 1996 animatus,
469 1915 551 1978 cuius
574 1915 666 1994 fideS,
699 1914 827 1994 iustitia,
861 1913 1022 1980 liberalitas
1044 1936 1132 2002 saepe
1154 1935 1277 1981 numero

107 2000 164 2065 luit
185 2006 322 2088 spectata.
365 1999 409 2062 At
429 2021 492 2063 cum
515 1999 649 2063 Pericles
678 1998 784 2085 populo
806 1998 920 2085 largius
941 1998 1105 2063 libertatem
1127 2000 1278 2065 ministra·

108 2092 154 2149 ret
174 2092 204 2148 et
225 2083 395 2147 auctoritate
416 2083 512 2169 magis
534 2090 619 2166 atque
641 2085 738 2167 gratia
758 2082 946 2146 insolentiam
961 2091 1168 2171 compesceret,
1190 2106 1277 2170 quam

107 2191 189 2234 more
216 2176 245 2232 et
271 2167 465 2247 verecundia,
509 2176 668 2265 coeperunt
699 2165 779 2230 cives
811 2165 979 2230 liberiorem
1007 2168 1141 2256 spiritum
1168 2169 1276 2234 ducere

107 2254 260 2340 magisque
288 2272 321 2314 se
349 2250 512 2330 extollere,
555 2260 598 2314 ita
619 2258 650 2312 ut
671 2271 754 2314 suum
777 2251 898 2335 quisque
918 2250 1071 2336 ingenium
1093 2261 1275 2337 sequeretur.

106 2338 169 2402 lam
203 2358 267 2399 cum
302 2333 443 2400 Cratinus
476 2335 560 2420 quasi
593 2335 733 2399 divinitus
764 2335 877 2399 videret
905 2357 944 2398 ex
971 2336 1027 2402 bac
1046 2337 1183 2402 libertate
1206 2358 1275 2404 mox

107 2429 243 2506 tanquam
265 2442 303 2484 ex
325 2421 416 2509 stirpe
438 2419 535 2504 aliqua
555 2420 674 2484 nimiam
696 2419 842 2484 licentiam
869 2420 998 2485 existere
1025 2429 1056 2486 et
1081 2423 1181 2505 nasci,
1215 2431 1277 2489 sta·

107 2507 159 2570 tim
180 2506 227 2570 bis
249 2505 342 2570 initiis
370 2505 503 2593 graviter
529 2505 702 2569 adversatus
732 2512 793 2586 est,
835 2504 1006 2590 videturque
1035 2505 1188 2572 Cimonem
1210 2514 1276 2572 tan·

108 2613 193 2676 quam
214 2590 379 2678 exemplum
399 2590 516 2655 honesti
538 2600 568 2653 et
588 2590 659 2654 boni
680 2589 752 2653 civis
773 2591 977 2678 proposuisse,
1012 2611 1067 2676 quo
1088 2592 1206 2656 facilius
1227 2593 1275 2658 in-

107 2675 311 2762 telligeretur,
348 2681 485 2761 quantum
505 2675 663 2738 discrimen
683 2674 879 2738 intercederet
898 2674 977 2740 inter
1001 2676 1080 2740 bunc
1101 2684 1131 2741 et
1150 2698 1277 2766 praepo·

108 2767 206 2824 tentes
227 2759 327 2848 populi
346 2761 511 2824 ministros:
548 2765 578 2823 et
603 2759 660 2824 hoe
684 2759 780 2847 ipsum
800 2759 917 2824 videtur
936 2761 1099 2826 institutum
1120 2762 1277 2830 consilium

106 2845 194 2909 buius
216 2844 383 2908 comoediae
409 2846 513 2908 luisse.

189 2928 252 2993 Iam
273 2951 427 3017 possumus
455 2930 542 2992 etiam
569 2949 609 2992 ex
633 2926 775 2993 hocloco
797 2928 994 2994 coniecturam
1016 2952 1121 3019 capere
1143 2928 1179 2995 de
1200 2938 1275 2997 tem-

106 3035 194 3103 pore,
237 3034 293 3097 quo
320 3021 384 3077 acta
410 3015 449 3077 sit
473 3012 588 3078 [abulaz
631 3035 699 3077 nam
733 3035 796 3077 cum
823 3012 988 3078 Metrobius
1015 3024 1209 3102 conqueratur
1237 3017 1274 3082 de

107 3107 200 3162 morte
221 3096 365 3178 Cimonis,
388 3097 550 3182 Cinnaque
571 3104 701 3162 mortuus
723 3100 762 3162 sit
774 3098 890 3186 Olymp.
912 3098 1068 3164 LXXXH.
1090 3104 1120 3165 3.
1148 3123 1274 3166 consen·

108 3190 224 3248 meeum
252 3192 299 3246 est
330 3184 443 3247 recenti
472 3183 558 3246 huius
592 3183 765 3247 calamitatis
792 3185 933 3248 memoria
960 3186 1019 3248 scri
1040 3192 1097 3249 tam
1126 3207 1194 3250 esse
1225 3207 1274 3251 co·

107 3268 265 3333 moediam=
293 3269 349 3332 luit
369 3269 461 3353 igitur
481 3288 541 3330 non
562 3267 604 3331 ita
624 3267 714 3332 multo
735 3275 802 3356 post
822 3268 939 3356 Olymp.
959 3268 990 3332 L
1110 3317 1117 3334 .
1138 3272 1169 3334 3.
1193 3279 1273 3336 εοεαε

107 3373 202 3437 neque
215 3353 246 3416 in
257 3351 519 3437 reliquiislabulae
531 3351 685 3437 quidquam
699 3375 732 3416 re
753 3353 859 3417 eriturz
883 3353 958 3439 quod
970 3362 1117 3442 repugnet
1127 3355 1196 3420 huie
1210 3356 1275 3444 opi-

107 3438 204 3501 nioni:
231 3438 291 3501 nisi
303 3439 380 3501 sorte
392 3458 444 3517 ea,
466 3459 539 3521 quae
551 3437 645 3501 relert
658 3375 825 3502 Scholiasta
842 3438 972 3503 Luciani
982 3438 1045 3504 lov.
1067 3438 1222 3527 Tragoed.
1244 3462 1274 3507 v.
1314 3440 1337 3507 .'

107 3520 159 3586 48.
172 3521 200 3605 ⁶)
238 3517 277 3585 ‘0
302 3521 368 3601 μὲν
393 3522 567 3597 Καλλίας
593 3511 720 3598 οὗτος,
747 3519 795 3598 ὥς
815 3521 1274 3608 ΙίρατῖνοςἈρχιλόχοις,
1321 3572 1324 3579 -

102 3602 322 3669 Ἱππονίκου
355 3606 451 3682 οἰὸς,
474 3599 532 3688 ἦν,
573 3605 626 3669 τὸν
657 3609 757 3688 δῆμον
783 3605 949 3683 Μελιτεύς,
987 3603 1029 3684 ὥς
1050 3608 1276 3719 Ἀριστοφάνης

101 3689 227 3770 Ὥραις,
255 3686 399 3765 πλούσιος
425 3693 475 3753 καὶ
497 3697 673 3774 πασχητιιῖιν
695 3695 744 3755 καὶ
766 3687 825 3755 bnt
848 3694 1010 3777 πορνιδίων
1030 3694 1276 3780 διαφοροομενος

109 3780 159 3838 καὶ
184 3773 317 3851 κόλακας
342 3776 471 3859 τρέφων.
524 3779 590 3851 Είς
615 3776 654 3840 δὲ
680 3779 910 3860 στιγματίαν
941 3776 1055 3842 αὐτὸν
1080 3781 1276 3862 Κρατῖνος

109 3863 293 3944 κωμῳδεῖ,
316 3856 357 3935 ὡς
378 3861 430 3924 ἕνα
451 3865 512 3925 τῶν
533 3857 716 3946 κατάχρεων.
764 3861 803 3926 Oi
823 3861 881 3947 γὰρ
903 3858 1103 3941 δανειζόμενοι
1124 3863 1180 3940 τὰς
1200 3863 1277 3948 κτή-
1318 3940 1324 3949 ·

108 3968 170 4020 σεις
199 3942 383 4009 ὑπετίθεσαν
415 3947 466 4009 καὶ
498 3947 669 4030 ίιιίγραφον
695 3945 792 4022 αὐτὰς
818 3950 860 4020 εἷς
885 3946 920 4010 τὸ
947 3943 1183 4031 γιγνώσκεσθαι,
1228 3948 1276 4015 ὅτι

106 4024 267 4113 ὖιιοθῆκαί
290 4034 376 4094 εἰσιν·
411 4028 485 4094 ὅθεν
511 4035 561 4094 καὶ
589 4031 774 4117 Μένανδρος
794 4027 936 4095 ι’ίστικτον
962 4032 1074 4118 χωρίον
1101 4030 1202 4099 εἰώθει
1224 4033 1276 4099 λί-

109 4167 411 4184 W*-

176 4231 203 4294 ’δ
239 4233 372 4286 Lucienus
395 4234 460 4287 baec
482 4233 557 4287 dicit:
592 4234 635 4285 Εν
659 4246 734 4292 οσοις
756 4231 787 4285 δὲ
809 4238 929 4301 ιιγαθοΐς
950 4236 1072 4295 Καλλίας
1088 4235 1136 4287 καὶ
1152 4235 1276 4298 Μειδίας
1331 4216 1334 4221 ¹

108 4301 156 4352 καὶ
171 4295 407 4368 Σαρδανάπαλος,
423 4297 653 4372 ὑπερτρυφῶντες
669 4301 717 4353 καὶ
733 4300 789 4354 τῶν
804 4296 848 4352 ὑπ’
869 4296 970 4360 edred:
985 4297 1204 4364 καταπτύοντες..
1290 4342 1293 4347 -

1044 4383 1050 4407 1
