2760 4792
286 216 346 285 on
367 186 1011 295 cenomannensium.
1164 224 1232 293 νον

58 388 128 454 dem
156 385 232 474 apud
253 386 444 451 Plutarchum
464 387 498 452 in
519 387 582 452 rita
602 385 701 451 Alcib.
727 389 796 453 αδ
826 388 901 452 haec
925 389 1067 477 leguntur
1088 397 1229 500 excerpta

58 495 101 538 cx
122 471 320 560 Antiphonle:
351 472 403 534 Ἐν
424 471 458 534 δὲ
485 481 552 546 ταῖς
567 470 771 579 Ἀντιριῦντος
790 474 957 556 λοιδορίαις
977 475 1159 558 γίγραπται,
1182 501 1228 540 οτι

57 566 134 632 παῖς
155 555 198 620 ὢν
218 558 251 620 ἐκ
272 563 327 637 τῆς
348 558 444 631 οἰκίας
465 554 585 640 ἀπέδρα
607 554 886 640 προςΛημοκριίτη
909 556 975 621 τινὰ
992 565 1053 622 τῶν
1075 561 1226 643 ίραστιῦν·

58 677 102 691 -
123 645 175 705 καλ
197 637 243 705 ὅτι
265 647 327 704 τῶν
347 640 602 705 ἀκολουθούντων
623 640 690 704 τινὰ
710 643 845 705 κτείνειεν
865 644 898 706 dr
918 648 955 727 τῇ
977 645 1144 729 Σιβυρτίου
1165 672 1227 709 πα·

58 727 206 813 interpp,
234 726 314 811 ξύλῳ
342 725 491 800 πατάξας.
534 726 716 793 Clisthenem
737 736 832 791 autem
857 735 887 790 ut
908 727 1049 794 Cratinus
1080 751 1140 793 una
1161 752 1226 795 cum

59 811 235 911 Hyperbolo
264 819 379 874 notaret
405 811 487 895 (nam
515 832 554 876 ex
581 811 726 875 cummuni
756 811 820 877 loco
847 821 1000 896 utrumque
1026 815 1226 898 fragmentum

57 907 180 986 petitum
202 917 269 961 esse
291 897 391 994 arguit
413 905 442 958 et
462 915 648 961 numerorum
671 904 701 958 et
723 897 933 961 sententiarum
956 897 1130 982 similitudo)
1153 898 1226 962 haec

58 981 188 1045 maxima
209 1002 299 1044 causa
314 981 429 1044 videtur
450 980 554 1060 fuisse,
575 979 651 1064 quod
672 979 722 1043 ille
744 980 775 1043 in
796 1001 910 1044 summa
921 980 1042 1046 mollitie
1052 1004 1113 1047 rem
1150 983 1226 1046 ulli·

59 1086 121 1129 cam
145 1086 300 1153 capessere
321 1073 351 1129 et
370 1083 471 1128 auram
484 1064 653 1152 popularem
674 1064 857 1148 eloquentiae
869 1086 924 1152 ope
945 1081 1062 1155 captare
1074 1002 1224 1133 studebat:

58 1149 225 1237 colligimus
248 1149 303 1213 hoc
324 1171 362 1212 ex
385 1148 594 1237 Aristophanis
614 1148 770 1232 Equitihus
792 1171 820 1215 v.
844 1152 946 1216 1373:

143 1235 220 1298 ΔΗ.
253 1232 333 1296 οῦδ’
357 1231 606 1318 ἄγοροᾶιῦγίνειος
627 1236 726 1307 οὐδείς
747 1235 779 1296 ἓν
799 1233 912 1322 ἀγορᾷ·

142 1321 215 1384 ΑΓ.
242 1320 315 1381 Ποῦ
336 1320 416 1399 δῆτα
437 1320 627 1399 Κλεισθένης
648 1317 791 1401 ἀγοράσει
814 1323 863 1381 καὶ
885 1314 1050 1403 Στράτων,·

142 1403 219 1466 ΔΗ.
250 1401 299 1465 Τὰ
319 1400 461 1487 μειράκια
482 1407 568 1468 ταυτί
589 1404 683 1485 λέγω,
709 1403 766 1466 τάν
786 1409 830 1491 τῷ
849 1402 950 1492 μῦριρ,

133 1483 171 1550 “A
192 1492 391 1567 στωμυλεῖται
412 1492 512 1552 τοιαδὶ
534 1487 712 1569 καδημίνα·

140 1572 246 1656 Σοφός
267 1571 299 1654 γ’
325 1569 340 1634 ὁ
366 1574 481 1648 Φαίαξ,
510 1575 614 1647 δεξιῶς
635 1571 665 1636 τ’
690 1570 745 1635 οῦκ
766 1569 934 1637 ἀπέθανεν·

140 1655 339 1741 Συνερκτικδς
359 1653 418 1738 γάρ
441 1659 504 1721 ε’στι
530 1660 580 1720 καί
602 1652 788 1737 περαντικός,

118 1744 204 1820 ,Καὶ
226 1738 454 1823 γνωμοτυπικὸς
475 1738 652 1823 κῦσαφηςί)
676 1742 725 1801 καλ
747 1736 935 1821 κρουστικός,

138 1821 380 1904 *Καταληπτικός
400 1823 432 1886 τ’
455 1821 569 1903 ἄριστα
584 1828 645 1887 ’τοῦ
667 1827 888 1903 θορυβητικοῦ.

101 1951 106 1960 x
140 1913 214 1974 As.
242 1908 363 1972 Οὐκοῦν
383 1906 644 1982 καταδακτυλικὸς
665 1907 704 1970 od
725 1913 780 1971 τοῦ
807 1911 984 1989 λαλητικοῦ.

60 1991 256 2146 Legppppnem
282 1993 500 2061 ἰδιωτεῦσαι
522 1992 678 2079 aliquando
700 1991 867 2081 suscepisse
888 1992 1028 2057 coniicias
1050 2013 1090 2057 ex
1109 1990 1221 2083 Vespis

61 2085 119 2145 r.1
197 2101 204 2143 :

142 2165 202 2228 ol.
223 2161 341 2237 Ποίους
367 2158 453 2237 τινὰς
477 2160 513 2225 δέ
529 2158 591 2247 χρὴ
618 2160 712 2245 λέγειν
733 2156 913 2309 (λμῦδουςλς
953 2162 1090 2228 ΒΔΕΛ.
1111 2165 1221 2248 Meyn-

762 2255 915 2326 οπρεπεΐς,
987 2284 996 2306 .

134 2326 191 2406 Ὡς
212 2324 405 2412 ’ξυνεθεώρεις
420 2327 597 2413 Ἀνδροκλεῖ
613 2332 663 2393 καὶ
686 2332 873 2395 Koreestis.

54 2409 347 2566 fflewremqlffissi
372 2423 403 2480 et
428 2415 581 2480 victoriam
606 2416 806 2504 reportavisse
827 2415 966 2481 ‚affirmat
986 2412 1154 2482 Scholiasta
1180 2414 1219 2485 ad

124 2522 158 2565 as
179 2522 207 2564 v.
281 2523 288 2563 ι

138 2587 208 2648 flor
223 2590 278 2667 γῆς
298 2579 477 2664 ἄπεδῆμειςς
519 2583 609 2647 Alo.
627 2580 829 2662 Ἐπεβιίτευον
849 2582 1039 2647 Κλεισθένει.

137 2671 208 2732 ΗΡ.
231 2666 500 2749 Κῦναυμιίχησαςς
541 2668 632 2732 ΔΙΟ.
654 2670 718 2731 Καὶ
741 2666 949 2749 κατεδῦσαμίν
968 2692 1001 2752 γε
1021 2672 1097 2746 ναῦς

140 2757 214 2817 Τῶν
236 2755 387 2833 πολεμίων
408 2752 427 2835 ἢ
450 2750 561 2817 δώδεκ’
585 2750 604 2834 ἢ
626 2755 830 2836 τρισκαίδεκα.
1094 2771 1096 2776 “

48 2839 104 2903 nbi
128 2838 203 2903 haec
229 2838 398 2927 adscripsit:
428 2837 587 2921 Ἐμφαίνει
613 2829 683 2919 οῦν,
710 2841 736 2902 εἰ
756 2836 835 2903 κατὰ
856 2837 1017 2919 στρατείαν
1042 2832 1218 2921 ἀπεδήμουν

47 2920 129 3000 μετὰ
158 2924 363 2998 Κλεισδίνους
391 2920 429 2985 δν
454 2919 713 3004 ἐστρατευσάμην.
735 2958 775 2972 -
808 2919 1013 3006 ἐστρατήγησε
1042 2923 1078 2988 δὲ
1111 2927 1217 2990 νεωστὶ

47 3009 101 3070 καί
124 3007 257 3087 ἐνίκησεν
285 2999 382 3083 οὗτος.
425 3006 486 3072 Sed
512 3007 569 3071 hoc
599 3007 656 3071 sibi
681 3008 763 3071 visus
790 3016 836 3072 est
863 3007 1070 3094 grammaticus
1092 3030 1132 3071 ex
1152 3009 1218 3096 ipso

47 3089 102 3156 illo
124 3091 189 3156 loco
210 3093 366 3174 conlisere,
386 3091 419 3155 in
440 3111 496 3176 quo
518 3091 593 3156 nihil
614 3093 673 3156 nisi
694 3092 831 3156 mollities
847 3092 1044 3180 exprobratur
1054 3089 1216 3157 Clistheni:

48 3195 154 3240 verum
174 3175 244 3242 nolo
265 3177 297 3240 in
324 3178 493 3264 praesentia
512 3177 677 3241 accuratius
698 3177 734 3240 de
756 3176 870 3241 difficili
898 3177 953 3240 hoc
973 3174 1037 3241 loco
1057 3176 1218 3244 disserere.

49 3257 187 3325 Enodm
213 3261 360 3325 homiuem
391 3271 507 3349 praeter
527 3259 757 3349 Aristophanem
787 3259 873 3325 etiam
901 3261 992 3326 ceteri
1018 3261 1082 3325 eius
1109 3263 1216 3329 aetatis

50 3345 154 3409 comici
174 3353 277 3432 poetae
297 3346 416 3434 saepius
437 3346 574 3421 videntur
594 3345 768 3422 vexavisse3
789 3344 831 3411 ila
848 3345 1045 3416 Pherecrates
1064 3345 1098 3411 in
1110 3345 1217 3415 Pente

51 3429 126 3517 opud
148 3427 259 3494 Athen.
279 3429 333 3495 IX.
354 3453 383 3518 p.
395 3431 460 3496 395
482 3429 518 3496 C.
542 3429 692 3497 mollitiem
713 3429 877 3497 Clisthenis
898 3428 1013 3516 tangit:

128 3511 214 3579 Ἀλλ’
239 3507 264 3581 ιῦ
285 3515 472 3598 περιστέριον
492 3511 599 3595 ῦμοιον
620 3514 797 3579 Κλεισδίνει

134 3599 254 3675 Πίτου,
275 3597 402 3679 κόμισον
422 3599 460 3663 dt
475 3599 512 3680 μ’
536 3602 578 3676 είς
599 3596 738 3682 Κῦδηρα
759 3600 811 3662 καὶ
833 3591 973 3677 Κῦπρον.

53 3676 191 3747 Cratinus
213 3692 308 3751 antem
330 3686 362 3751 in
373 3685 495 3771 Pyliae,
516 3692 549 3748 ut
569 3685 665 3772 magis
686 3685 772 3749 etiam
794 3682 824 3748 ei
845 3683 995 3748 mollitiem
1010 3683 1215 3771 exprobraret,

52 3764 137 3831 linxit
164 3766 238 3833 aleis
271 3769 431 3834 ludentem:
475 3770 642 3834 eratenim
669 3770 724 3833 hoc
754 3767 982 3855 ignominiosum
1009 3775 1040 3833 et
1065 3768 1214 3835 hominnm

53 3849 282 3919 effeminatorum
305 3862 391 3938 atque
412 3851 606 3942 perditorum:
627 3854 704 3919 idem
726 3850 837 3925 crimen
855 3853 976 3920 amco
996 3851 1213 3943 Αιῐιιορλιιιιιυι

52 3931 263 4022 inAmyniam
284 3937 426 4026 Vespr.
447 3938 503 4005 74:

116 4163 145 4231 ⁰)
169 4166 320 4232 Legebatnr
337 4156 506 4238 καὶσαηῆς,
524 4166 594 4238 qnod
611 4163 728 4233 correxi,
745 4163 824 4221 solite
840 4161 910 4223 enim
926 4156 1013 4221 ironia
1026 4175 1092 4220 osus
1108 4157 1213 4220 Aristo·

52 4226 147 4296 phanes
164 4234 309 4315 Phpeaccm
324 4252 358 4316 ρο
376 4236 435 4317 ipso
451 4238 526 4302 loco,
549 4236 595 4289 nbi
617 4237 692 4289 illum
709 4236 811 4291 mucan
826 4236 923 4306 lingit,
944 4235 1037 4289 acerbe
1053 4239 1141 4289 notem
1162 4234 1210 4288 scd

52 4297 83 4348 de
99 4299 225 4357 elmar
241 4303 349 4369 ingemo
366 4305 494 4359 decreras
516 4319 571 4358 non
586 4309 630 4358 eet
644 4303 723 4368 hoino
738 4304 799 4367 loci.
