2760 4792
155 224 220 293 400
535 226 940 297 communmhmouus

147 392 216 460 Ὅτι
243 395 277 459 δὲ
301 396 352 460 καί
368 392 549 480 Ἀφροδίσια
576 394 640 460 ίδια
666 392 791 480 ἄγουσιν
811 392 925 462 αὐτόθι
946 395 1113 487 (Corinthi)
1139 402 1175 467 nl
1200 398 1320 491 ἓταῒροι

146 476 261 557 Ἄλεξις
281 480 313 543 έν
338 478 476 565 Φιλούσῃ
499 481 607 565 φησίν·

233 562 404 649 Ἀφροδίσι’
427 556 478 649 ἦγε
499 573 566 639 ταῖς
587 560 760 648 ἱταίραιςῆ
783 559 878 642 πόλις,

231 647 340 731 Ἕτερα
362 650 395 713 δέ
421 649 515 733 χωρίς
543 652 605 713 ἐστι
626 659 694 725 ταῖς
721 650 912 733 ἐλευθέραις·

240 739 319 808 Ταῖς
339 730 467 818 ἡμέραις
487 731 614 809 ταύταις
635 735 668 797 δὲ
688 731 835 816 κωμάζειν
855 734 930 812 ἔθος

230 816 334 883 ’Έστιν
355 816 446 899 νόμος
466 843 498 882 τε
519 818 573 895 τὰς
595 817 718 903 ἑταίροις
738 815 850 883 ἐνθάδε

237 904 364 988 (Κοινῇ)
385 902 460 984 μεθ’
483 900 581 986 ἡμῶν.

151 988 193 1053 Et
222 991 351 1053 sortasse
380 989 454 1053 haee
479 1009 591 1074 quoque
611 987 641 1052 Α
661 987 812 1070 hrodisia,
839 1008 914 1073 quae
934 988 1146 1081 Theopompus
1173 994 1317 1081 exbibnil,

152 1095 211 1137 non
232 1073 360 1138 Athenis
382 1073 435 1137 sed
457 1070 594 1138 Corinthi
615 1010 815 1137 celebrantur:
837 1074 946 1139 etenim
967 1075 1082 1141 uidetur
1101 1084 1190 1166 poeta
1209 1081 1244 1145 in
1263 1082 1318 1147 hae

151 1158 396 1246 Aphrodisiorum
427 1157 611 1222 solemnitate
638 1157 790 1222 Philonidi
820 1158 932 1223 bomini
962 1158 1120 1227 libidinoso
1147 1170 1178 1227 et
1204 1164 1317 1231 abieoto

152 1243 291 1327 quasdam
305 1243 442 1307 tribuisse
474 1250 564 1323 ortes,
586 1241 720 1329 graviter
730 1243 844 1327 quidem
858 1265 922 1309 eum
934 1251 1025 1309 vexat
1035 1246 1148 1311 duobus
1168 1250 1316 1334 uersibus,

147 1327 201 1475 ³pini
227 1328 366 1473 leaguptur
386 1264 472 1415 apud
484 1326 584 1391 Schol.
604 1324 758 1414 Aristoph.
779 1326 860 1391 Plut.
881 1350 911 1394 v.
932 1330 1012 1396 1792
1043 1332 1109 1395 Kal
1133 1328 1317 1417 Θεόπομπος

228 1437 244 1474 ο
266 1436 295 1474 ιο
308 1431 367 1487 οις·

183 1437 319 1571 ῳρὌνος
337 1494 394 1576 μέν
414 1491 535 1577 alpad-‘l'
559 1489 575 1557 ὃ
597 1493 749 1571 Μελιτεὺς
772 1496 906 1559 Φιλωνίδ
927 1522 954 1581 ς,

226 1578 308 1666 ’Όνιγ
331 1579 364 1644 δὲ
383 1579 517 1663 μιγείσης
536 1578 652 1660 μητρὸς
673 1578 802 1659 ἔβλαστε
821 1586 860 1665 τῇ
882 1522 975 1646 πέλει.

149 1664 304 1753 legebatur
325 1663 450 1748 oynaa‘,
472 1663 546 1749 quod
568 1664 689 1728 tolerari
711 1665 825 1748 nequit,
859 1674 888 1729 et
909 1664 969 1751 ὄνῳ
989 1666 1139 1751 μιγείσης,
1165 1674 1199 1735 at
1217 1670 1314 1759 toqui.

149 1751 225 1815 nitur
245 1750 365 1849 copulae
387 1749 677 1830 ahcuiusvineulum,
698 1749 775 1834 quod
796 1749 870 1813 haec
890 1753 1052 1860 coniungat
1071 1774 1138 1819 enm
1156 1774 1315 1845 praegres-

149 1836 303 1984 τινα
321 1830 846 1983 intransitionem
863 1836 1313 1991 larentinam

147 2025 208 2068 non
235 1942 291 2068 δίου]
305 1943 469 2068 piuuentem
496 2002 627 2089 eorporis
654 1940 884 2088 magnitudinebr
911 2012 1031 2072 notasse
1060 2006 1196 2091 videtur,
1237 2030 1258 2097 q

148 2097 250 2153 censet
270 2055 449 2153 Scholiasta:
488 2089 690 2171 ,Κωμῳδιῖται
718 2087 751 2149 δέ
778 2083 819 2162 ὡς
849 2086 978 2171 ιίίπορος
1002 2094 1053 2156 καὶ
1080 2086 1123 2167 ὥς
1146 2094 1245 2177 μέγας
1269 2100 1312 2183 τῷ

148 2170 268 2255 σώματι
295 2176 344 2236 καί
366 2171 501 2253 ἠλίθιος,
529 2192 632 2236 verum
659 2178 688 2234 tu
725 2171 865 2235 itudinem
886 2174 1036 2263 insignem
1056 2176 1086 2240 ei
1105 2178 1311 2269 exprobmvitr

148 2264 179 2321 et
200 2259 236 2322 ob
258 2257 289 2321 id
310 2258 404 2345 ipsum
426 2254 602 2339 aPhilyllio
625 2192 751 2319 camdlbs
772 2265 907 2322 vocatur:

227 2339 314 2416 Ἥτις
335 2339 472 2421 κάμηλον
493 2336 570 2402 έτεκε
591 2340 644 2402 τὸν
669 2341 849 2422 Φιλωνίδην.

150 2426 226 2516 apud
247 2425 369 2489 eundem
383 2423 591 2489 Scholiastam:
614 2423 689 2488 male
712 2431 807 2489 autern
828 2425 878 2489 vul
901 2447 918 2490 o
940 2426 1050 2514 legimr
1062 2428 1216 2513 adpropiare
1255 2432 1313 2501 nod

148 2511 348 2661 pgoturestippi
374 2509 554 2659 commenplat
580 2509 628 2573 vel
654 2509 790 2574 Platonis
817 2531 857 2574 ex
915 2512 961 2575 aio
992 2512 1095 2598 loeus,
1127 2516 1178 2603 qui
1203 2452 1312 2585 illle·

160 2617 259 2660 err
295 2618 306 2659 1
358 2615 566 2660 eumenus:

178 2617 200 2683 g
264 2645 274 2678 ’
437 2616 459 2681 g
605 2674 672 2781 Οὖγη
693 2672 780 2761 ὁρᾶς,
803 2674 849 2742 ὅτι

235 2765 407 2845 Φιλωνίδην
427 2754 468 2826 αὖ
498 2761 656 2844 τέτοκενη
682 2760 784 2847 μήτηρ
813 2761 883 2828 dano

235 2849 300 2914 Τὸν
320 2847 471 2925 Μελιτέα,
499 2846 574 2911 κούκ
594 2844 711 2911 ἔπαθεν
732 2846 836 2929 oridia,-

147 2935 234 3000 Plato
256 2941 352 2998 autem
372 2933 428 2996 hoe
448 2933 565 2996 nomine
587 2953 647 2996 non
668 2932 761 2997 solum
783 2932 988 3020 turpitudinem
999 2933 1167 3001 Philonidis
1187 2938 1310 3023 notam,

148 3020 201 3085 sed
222 3019 345 3084 eundem
367 3019 453 3081 etiam
474 3024 593 3105 propter
619 3026 765 3105 stuporem
788 3018 957 3104 castigavit:
989 3041 1056 3083 nam
1078 3041 1114 3085 eo
1134 3022 1222 3089 modo
1243 3020 1310 3100 broc

146 3101 1310 3274 {lltbltlttttlllhl‘ltthblllglttl{bsslllbhll

146 3211 330 3354 recensebat,
358 3236 542 3358 quiquidem
569 3270 641 3335 satis
664 3271 920 3336 commendationis
942 3273 978 3337 ab
1005 3273 1070 3361 ipsa
1091 3275 1199 3340 mentis
1219 3276 1309 3365 sbupi·

147 3358 236 3423 ditate
257 3359 409 3438 haberent,
431 3377 568 3441 quorsum
589 3364 722 3443 spectant
742 3356 788 3420 illi
809 3378 924 3439 versus,
947 3378 1018 3444 quos
1041 3359 1079 3426 ad
1088 3356 1308 3427 Anacreonteum

146 3465 176 3531 p.
197 3444 261 3510 257
281 3440 500 3529 redintegravi:

704 3521 772 3604 Οὗχ
793 3520 880 3608 ὁρᾶς,
911 3520 956 3588 ὅτι

224 3605 262 3674 Ὁ
282 3607 338 3691 μὲν
358 3607 518 3715 Λέαγρος,
540 3602 722 3683 Γλαύκωνος
742 3606 785 3672 dlv
803 3606 936 3692 μεγάλου
957 3608 1061 3692 γένους

222 3693 493 3781 Ἀβελτεροκκοκυξ
513 3690 634 3775 ἠλίθιος
655 3692 839 3778 περιέρχεται

229 3777 344 3843 Sindon
366 3778 493 3852 πέπονος
515 3776 670 3859 εὐνουχίου
691 3778 808 3859 κνήμας
833 3774 919 3859 έχων.

144 3864 330 3930 Philonidem
352 3871 448 3928 autem
473 3871 579 3927 natura
604 3863 717 3927 tardum
740 3870 770 3926 et
795 3863 930 3926 hebetem
950 3882 1046 3947 neque
1070 3863 1237 3933 liberaliter
1255 3886 1308 3933 ex·

144 3951 249 4016 cultum
271 3950 365 4015 luisse
385 3948 496 4013 indicat
515 3948 603 4012 etiam
623 3947 803 4012 Nicochares
824 3946 857 4009 in
878 3944 1018 4014 Galatea:

221 4026 267 4097 'H
284 4034 342 4117 γὰρ
363 4031 406 4097 ἴτ’
431 4030 683 4118 ἀπαιδευτότερος
710 4028 739 4095 εί
758 4030 929 4095 Φιλωνίδου

229 4124 295 4182 Τοῦ
318 4117 487 4193 Μελιτίως.

142 4205 185 4270 ita
208 4204 283 4268 haee
310 4201 492 4267 emendanda
519 4207 597 4266 snut.
639 4202 736 4287 Atque
758 4198 968 4287 Theopompus
998 4217 1111 4283 quoque
1139 4220 1205 4265 num
1224 4198 1309 4265 illum

141 4298 278 4377 tanquam
289 4287 403 4355 asinum
423 4286 541 4371 rudere,
562 4290 684 4352 matrem
699 4290 796 4349 numm
816 4305 881 4351 oum
902 4281 986 4349 asino
1007 4283 1201 4349 oonoubnisse
1221 4283 1309 4367 dixit,
