2768 4770
121 192 187 257 330
501 186 905 258 COMMENTATIONES

119 360 268 438 σεαυτοῦς
293 354 360 419 Oria
380 352 480 439 έγωγε.
510 356 553 419 Τί
571 354 608 419 δέ
612 376 621 436 3
643 352 744 435 ἐτεμες
763 353 820 438 τὴν
838 351 944 441 χάραν
964 357 1017 420 καὶ
1037 356 1154 442 ἐληλσω
1173 354 1195 441 ἢ
1214 358 1283 425 κατδ

117 449 174 528 γῆν
194 441 214 525 'l
236 440 315 505 κατά
335 438 497 504 θάλατταν
515 439 589 515 τοὺς
609 443 734 515 πολίτας
755 440 828 516 τοὺς
847 446 996 525 σεαυτοϋς
1022 440 1070 506 Οὔ
1093 443 1187 527 δῆτα.
1210 442 1281 511 Oid'

119 523 334 608 ἐναυμάχησας
355 526 475 589 ἐναντία
493 530 531 610 τῇ
553 521 648 599 πόλει,
671 524 743 589 οὐδέ
763 525 1021 609 συγκατέσκαψας
1040 526 1083 591 τδ
1103 526 1202 611 τείχη,
1222 526 1284 595 cicli

121 612 346 695 συγκατέλυσας
362 609 425 674 aba
447 611 560 691 δῆμον,
588 608 661 716 οὐδὲ
684 613 739 698 βίη
760 615 912 693 κατῆλθες
936 612 980 686 εές
1005 610 1062 694 τὴν
1089 608 1199 695 πάλινς
1228 612 1283 679 θά-

121 698 171 760 δέν
187 693 305 759 τούτων
316 696 474 775 πεποίηκα.
501 696 612 769 Αοκεΐς
626 720 680 757 ουν
699 691 856 780 χαιρήσειν
875 692 896 777 ῆ
917 694 974 759 οὔκ
995 684 1282 801 άποθσῆνεῒσθαιάς

120 783 216 861 έτεροι
238 781 354 843 πολλοί.
392 770 456 864 Ἆρ’
481 777 598 856 οἴεσθε,
631 769 801 864 άάνδρες,
829 777 931 844 άλλων
950 782 1041 844 τινῶν
1065 790 1170 863 τυχεῖν
1188 806 1228 863 με
1244 782 1279 847 δι’

119 862 214 949 ῆμάς,
237 868 262 927 εέ
282 862 424 949 ἐλήφθην
444 860 500 927 ὑπ’
523 860 642 944 αάτιῖιν,
664 867 743 935 κτλ,
771 864 883 930 Postea
902 870 1038 953 receptus
1059 864 1120 929 fuit
1138 866 1174 930 in
1192 887 1280 933 nuno·

118 972 184 1015 rum
206 949 331 1035 triginta
351 951 491 1028 virorum,
512 948 571 1011 vid.
583 946 719 1096 Χοαοηλι.
732 948 853 1015 Hellen.
873 949 915 1014 L.
925 948 967 1014 ll.
987 952 1067 1031 3,2,
1088 950 1203 1037 fuitque
1222 974 1281 1018 σοι·

119 1034 319 1099 iunctissimus
341 1032 464 1099 Critiae.
484 1031 570 1096 Xeno
582 1032 650 1096 ibon
692 1033 858 1097 lcmcrabil.
877 1033 919 1098 L.
938 1032 964 1097 l.
984 1034 1018 1115 2,
1036 1036 1098 1100 312
1115 1034 1175 1113 Ἓξ
1195 1026 1231 1101 od
1248 1036 1279 1121 δῆ

119 1121 170 1183 καί
192 1119 286 1199 ἐμίσει
306 1116 360 1182 τὸν
381 1113 530 1201 Σωκράτη
552 1054 699 1201 Κριτίας,
721 1114 797 1181 ὥστε
819 1118 884 1195 καί,
912 1114 961 1181 δτι
979 1123 1043 1182 τῶν
1062 1116 1228 1205 τριάκοντα
1245 1120 1281 1187 cb

119 1204 292 1286 νομοθέτης
317 1202 393 1282 μετά
422 1201 615 1285 Χαρικλέους
641 1202 769 1285 ἐγένετο,
802 1198 1069 1285 ἀπομνημάνανσεν
1095 1206 1198 1291 αὐτῷ,
1236 1209 1281 1271 καλ

118 1290 151 1353 ἐν
175 1297 239 1363 τοῖς
263 1284 369 1367 νόμοις
396 1284 544 1369 ἔγραψεν,
587 1283 685 1368 λόγων
710 1287 818 1368 τέχνην
843 1287 887 1369 μὴ
913 1284 1082 1365 διδάσκειν,
1118 1286 1281 1375 ἐπηρεάζων

119 1374 237 1460 ε’κείνρι,
264 1373 313 1434 καὶ
338 1370 393 1435 οὐκ
415 1370 491 1451 έχων
512 1368 572 1453 ὅπη
594 1369 784 1449 ἐπιλάβοιτο,
815 1368 894 1435 ἀλλά
913 1370 949 1436 τδ
972 1378 1057 1459 κοινῆ
1078 1382 1146 1451 τοϊς
1165 1372 1281 1462 φάοσά·

118 1482 190 1542 φοις
215 1466 269 1523 ctc.
289 1490 333 1505 -
368 1453 626 1538 Ἀπαγγελθέντος
652 1456 686 1518 δὲ
712 1455 817 1532 αὐτοῖς
842 1454 969 1535 τούτου,
1012 1457 1197 1537 καλέσαντες
1218 1458 1281 1526 ὅτι

118 1542 249 1623 Κριτίας
274 1541 325 1603 καὶ
353 1535 369 1603 ὅ
390 1543 551 1624 Χαρικλῆς
576 1538 630 1602 τὸν
650 1538 821 1624 Σωκράτη,
858 1536 912 1605 τάν
936 1563 971 1605 τε
996 1538 1094 1621 νόμον
1118 1542 1281 1629 toaculam

117 1626 216 1706 αιἰτιῦ,
243 1628 293 1689 καλ
320 1633 385 1701 τοῖς
411 1626 488 1699 νέοις
514 1623 677 1705 ἀπειπέτην
705 1625 751 1706 μῆ
777 1625 984 1708 διαλέγεσθαι.
1025 1626 1162 1694 Etcum
1188 1630 1280 1697 tudun

118 1688 214 1775 crida
259 1710 361 1774 rimum
387 1711 467 1773 inter
493 1709 560 1772 illus
587 1708 682 1772 locum
708 1710 995 1793 tenuissimam,
1037 1712 1101 1777 vid.
1120 1712 1278 1801 Lysiasiu

116 1732 343 1860 Eratostlicucm
365 1796 399 1879 ᾧ.
411 1796 468 1860 55:
492 1789 620 1858 Τούτων
640 1796 740 1857 τοίνυν
761 1795 879 1857 Φείδων
899 1790 916 1856 b
937 1800 999 1858 τῶν
1018 1793 1188 1881 τριάκοντα
1205 1794 1278 1885 γενά-

116 1905 206 1962 μενος
237 1881 287 1943 καὶ
310 1876 472 1959 Ἱπποκλῆς
503 1881 554 1941 καὶ
577 1874 747 1959 Ἐπιχάρης
780 1876 796 1942 ὃ
822 1878 1017 1963 Λαμπτρεδς
1042 1884 1096 1943 καὶ
1130 1884 1225 1967 έτεροι
1252 1882 1275 1947 ci

117 1967 275 2039 δοκοῦντες
295 1960 369 2026 εἶναι
396 1961 609 2027 ἐναντιώτατοι
629 1965 784 2048 Χαρικλεῖ
805 1965 856 2025 καὶ
877 1964 992 2052 Κριτίᾳ
1022 1967 1077 2027 καὶ
1102 1972 1143 2053 τῇ
1171 1968 1275 2033 ἐκείνων

116 2047 262 2135 ἓταιρείη,
305 2047 406 2128 ἐπειδὴ
436 2045 550 2121 αὐτοὺς
575 2050 616 2122 εἰς
641 2047 697 2128 τῆν
718 2045 816 2129 ἀρχὴν
841 2048 1046 2131 κατέστησαν,
1090 2051 1173 2117 πολδ
1196 2053 1274 2135 μείζα

116 2132 222 2199 στάσιν
243 2134 293 2195 καὶ
315 2128 446 2211 πόλεμον
468 2134 515 2193 ἐπὶ
537 2131 609 2204 τοὺς
631 2129 854 2216 ἐνΠειραιεΐῆ
876 2141 939 2209 τοῖς
959 2134 993 2210 ἐξ
1004 2131 1115 2211 άστεος
1131 2136 1272 2221 ἐποίησαν.

115 2217 258 2305 Expulsis
280 2227 375 2280 autam
403 2216 525 2301 triginta
545 2216 618 2279 viris
641 2214 796 2280 Charicles
822 2237 933 2303 quoquc
954 2218 987 2282 iu
1013 2219 1139 2286 axilium
1167 2222 1272 2303 εἰοοω,

56 2328 60 2337 ’
116 2303 169 2367 scd
195 2322 265 2365 mox
291 2307 323 2364 ut
349 2300 400 2362 alii
427 2299 509 2363 multi
537 2300 569 2362 iu
595 2300 719 2387 patriam
744 2300 897 2365 restitutus
924 2309 986 2384 cst,
1027 2303 1059 2368 id
1086 2305 1167 2389 quod
1191 2306 1273 2407 λιτχὶλ

114 2385 286 2451 Alcibiades
311 2384 424 2467 iunior¹
439 2384 516 2471 apud
541 2383 701 2449 Isocratem
726 2385 763 2449 de
790 2385 871 2472 bigis
896 2384 955 2467 42,
997 2388 1047 2472 qui
1095 2398 1192 2457 atram
1215 2390 1272 2457 διαλ

114 2471 182 2535 buic
211 2468 343 2535 Charicli
373 2468 543 2532 dissimilem
569 2470 677 2534 luisse:
717 2466 874 2551 Ἅνόμοιος
905 2470 1030 2554 πολίτης
1092 2478 1272 2563 αρικλεΐτῆ

114 2550 226 2619 τούτου
247 2556 376 2638 κηδεστῇ
396 2554 602 2638 γεγενημένος,
646 2551 680 2628 ὃς
699 2563 763 2629 τοῖς
783 2554 839 2634 μέν
859 2556 1015 2634 πολεμίοις
1039 2556 1198 2623 δουλεάειν
1214 2560 1271 2625 ἐνιτ-

114 2635 223 2719 θάμει,
244 2646 306 2702 τῶν
326 2640 360 2702 δι’
380 2643 513 2701 πολιτῶν
533 2635 636 2722 ι’ίρχειν
655 2637 756 2719 ῆξίου,
784 2639 835 2701 καλ
856 2635 976 2725 φεάγων
994 2639 1053 2720 μέν
1072 2638 1205 2727 ῆσυχίαν
1219 2634 1270 2727 bys,

114 2722 272 2788 κατελθών
293 2723 327 2786 δέ
346 2728 448 2797 κακῶς
465 2722 556 2785 ἐποίει
575 2722 632 2804 τῆν
642 2718 740 2787 πάλιν.
768 2724 880 2789 Καίτοι
901 2729 967 2799 πῶς
979 2723 1019 2788 dis
1030 2726 1182 2811 γένοιτοῆ
1195 2730 1271 2815 φάος

116 2805 317 2894 πονηρότερος
327 2806 347 2888 ἢ
361 2806 475 2891 ἐχθρὸς
488 2803 647 2881 ἐλάττονος
658 2804 757 2889 άξιοςς
778 2804 855 2871 Εἶτα
875 2807 916 2873 σδ
924 2810 1073 2893 κηδεστὴς
1093 2812 1268 2889 μένέκείνοο,

113 2892 320 2975 βεβουλευκώς
341 2894 360 2955 δ
365 2890 375 2915 ’
388 2893 436 2956 ἐπὶ
458 2897 519 2956 τῶν
538 2887 709 2973 τριάκοντα,
731 2897 847 2969 τολμᾶς
868 2891 989 2977 ἑτέρους
996 2906 1197 2978 μνησικακεῖν
1213 2900 1268 2963 κτλ.

195 2979 293 3044 Unum
314 2976 430 3063 aliquod
456 2984 608 3065 praetcrea
628 2998 668 3040 ex
688 2955 852 3042 Teleclidis
873 2978 1049 3066 fragmentis
1109 2984 1268 3069 rsffiugu.

111 3064 221 3128 Pollux
234 3063 272 3126 ll.
283 3060 325 3127 41
337 3063 410 3125 baec
430 3061 546 3125 scribit:
567 3061 633 3124 Καὶ
654 3061 863 3146 καρηβαρικὸν
882 3060 918 3126 τδ
940 3059 1053 3141 πάθος,
1067 3002 1267 3148 dinanum,

111 3148 147 3212 τδ
169 3151 202 3211 δὲ
222 3144 283 3210 δπδ
305 3153 359 3229 τῆς
378 3146 480 3227 μέθης
500 3150 692 3228 καρηβαριάν
708 3142 938 3231 Ἀριστοφάνης.
968 3146 1048 3213 Mihi
1069 3150 1188 3235 quidem
1206 3152 1268 3215 lm

112 3236 156 3297 sic
176 3233 313 3298 videntur
338 3229 558 3338 transponenda
582 3250 664 3293 csse:
706 3232 771 3294 Kal
793 3229 1000 3315 καρηβαρικὸν
1018 3231 1056 3297 τδ
1077 3232 1185 3313 πάθος
1198 3234 1269 3321 Ἆρο-

111 3314 281 3402 στοφάνης,
309 3315 346 3380 τὸ
368 3316 401 3379 δὲ
419 3315 481 3379 υπὸ
502 3319 556 3394 τῆς
574 3313 676 3396 μέθης
695 3320 881 3400 καρηβαρεῖν
900 3321 1097 3403 καρηβαριᾶν
1118 3318 1269 3401 Τηλεκλεί-

111 3404 175 3484 δης.
203 3402 280 3465 Nam
301 3402 333 3464 in
354 3401 405 3465 illo
427 3401 606 3487 fragmento,
627 3399 703 3483 quud
723 3399 902 3465 Plutarchus
922 3401 956 3466 iu
975 3402 1038 3466 vita
1057 3402 1190 3471 Periclis
1208 3402 1269 3470 αδ

111 3487 282 3574 adscripsit:
317 3485 519 3567 Τηλεκλείδης
539 3484 588 3559 δέ,
616 3482 690 3546 ποτέ
708 3482 765 3563 μὲν
784 3481 845 3548 bad
865 3491 927 3550 τῶν
952 3483 1144 3573 πραγμάτων
1163 3488 1268 3573 ῆιτορη·

107 3571 200 3652 μένον
220 3571 386 3653 καθῆσθαί
410 3594 504 3654 φησιν
530 3568 562 3632 ἐν
581 3572 619 3652 τῆ
640 3564 723 3632 πόλει
749 3574 1002 3654 καρηβαροῦντα,
1033 3574 1110 3637 ποτέ
1130 3575 1166 3639 δέ
1184 3572 1269 3653 μάνον

108 3658 142 3720 ἐκ
163 3659 298 3741 κεφαλῆς
324 3652 530 3720 ἑνδεκακλίνου
551 3647 691 3737 θόρυβον
720 3654 816 3718 πολὺν
836 3656 1049 3731 ἐξανατέλλειν.
1092 3656 1268 3725 Teleclids!

108 3743 151 3805 ita
171 3744 237 3807 scrc
257 3747 325 3828 putu
348 3739 518 3827 scripsisse:
858 3806 862 3813 ,

193 3825 279 3889 Ποτέ
297 3823 355 3906 μέν
373 3822 406 3909 γ’
431 3822 555 3903 ἀπορῶν
577 3865 711 3887 .....
732 3827 929 3909 καρηβαριῶν
948 3848 981 3889 τε
1001 3828 1165 3911 καθῆται,,

191 3910 277 3974 Ποτέ
298 3908 331 3973 δ”
356 3909 389 3973 ἐκ
410 3911 543 3993 κεφαλῆς
563 3904 770 3973 ἑνδεκακλίνου
791 3904 932 3992 θόρυβον
958 3908 1056 3973 πολδν
1077 3912 1268 3987 ἐξανατέλλιι.

106 3995 250 4061 Eiusdem
277 3992 441 4058 Telcclidis
476 4014 516 4057 ex
548 3992 678 4056 ciusdem
711 3992 829 4056 labulac
859 4014 949 4057 scena
976 3993 1079 4060 cadem
1105 4004 1178 4085 puto
1204 3994 1269 4063 illud

109 4082 288 4169 dcprcmtum
314 4100 397 4159 csse,
424 4077 500 4162 quod
522 4075 611 4140 affert
628 4076 806 4142 Plutarchus
831 4077 902 4142 ibid.
924 4098 950 4143 c.
970 4081 1007 4144 7:
1041 4068 1105 4145 Ὧν
1125 4084 1179 4146 ἕνα
1198 4084 1268 4169 φασδ

106 4165 249 4250 γενέσθαι
268 4162 323 4227 τὸν
331 4156 506 4247 Ἐφιάλτην,
528 4158 561 4237 ὃς
582 4159 726 4226 κατέλυσε
747 4161 782 4225 τὸ
804 4157 916 4246 κράτος
935 4168 990 4245 τῆς
1001 4162 1162 4247 ἐξἍρείου
1177 4164 1270 4251 πάγον

106 4256 232 4335 βουλῆς,
252 4247 369 4333 πολλὴν
383 4244 462 4313 κατά
481 4245 536 4312 τὸν
549 4243 707 4312 Πλάτωνα
727 4246 778 4311 καλ
798 4243 932 4335 άκρατον
946 4256 1011 4325 τοῖς
1031 4252 1175 4331 πολίταις
1193 4247 1271 4319 ἐλιά-
