2760 4792
273 237 333 306 on
354 237 497 314 auaro.
516 201 706 307 ‘comosa
726 234 833 305 suo.
852 233 997 309 suune
1157 231 1223 302 ιον

52 409 258 490 κακοδαίμων.
302 407 353 472 Ex
373 428 498 492 quanam
524 405 626 472 fabula
649 405 725 471 haec
753 405 814 468 sint
833 403 924 492 petita
945 402 1118 469 Athenaeus
1139 402 1224 470 docet

52 496 121 565 Vll.
142 517 172 584 p.
193 497 257 560 287
279 491 323 558 C:
350 496 470 556 Γίνεται
492 491 540 568 δέ,
563 490 672 576 φησίν,
693 491 727 554 έκ
747 486 844 598 μύηης
864 494 918 572 τῆς
937 484 1115 572 βεμβράδος
1135 513 1225 554 σκευ-

52 583 126 645 ασία
147 604 193 655 τις
214 575 234 661 ή
256 578 541 661 προσαγορευομένη
561 570 763 661 βεμβραφύη·
786 599 829 639 ιον
849 570 1028 656 μνημονεύει
1042 571 1224 660 Ἀριστώνυ-

51 691 111 748 μος
131 666 163 730 έν
178 661 277 748 Ἡλίῳ
301 661 447 745 ῥιηόῦντι·
563 697 572 704 ¹>

132 747 172 814 ‘O
188 748 224 834 γέ
237 773 284 812 τοι
294 746 419 822 Σικελὰς
438 752 506 821 ταῖς
525 738 747 831 μεμβραφύαις
765 741 940 829 προσίοιμεν
961 737 978 805 ὅ
994 738 1225 825 καρκινοβήτης.

47 848 178 918 Ἀττικοὶ
221 847 252 913 δ’
298 845 382 927 ὅμως
422 842 604 930 βεμβράδας
644 844 800 929 λέγουσιν·
839 842 1054 929 Ἀριστομένης
1086 847 1118 908 Γ
1116 841 1228 926 όησινν

52 931 264 1053 ,ἰΒεμβράδας
285 932 398 1014 ὀβολοῦ
426 932 529 1020 φέρων
537 930 636 1015 “’(εἰα
663 929 849 1017 transpono).
888 925 1113 1047 Ἀριστώνυμος
1128 925 1228 1016 Ἡλίῳ·

54 1045 222 1169 ριγουᾶθ
235 1098 320 1188 ἀφύη
342 1108 397 1166 νῦν
418 1100 500 1166 έστιν
521 1096 564 1163 δἐι
586 1102 695 1182 σαφῶς
717 1093 784 1161 oiir‘
800 1088 840 1161 αά
861 1097 999 1182 βεμβρὰς
1020 1099 1225 1180 κακοδαίμων.

56 1213 86 1271 et
105 1225 209 1269 rursus
229 1225 259 1292 p.
281 1203 344 1270 284
365 1203 403 1268 F.
423 1209 535 1291 partem
557 1199 678 1264 alterins
699 1219 805 1263 versus
828 1199 999 1287 adscripsit:
1024 1196 1153 1280 Ἀφύαι·
1174 1201 1225 1263 καλ

55 1289 160 1400 ἑνικῶς
181 1289 215 1396 δέ
235 1285 513 1396 ἀφύηνιλέγρυσιν·
530 1280 755 1393 Ἀριστώνυμος
771 1281 867 1393 Ἡλίφ
889 1283 1024 1391 ῥιγῶιντι·
1046 1281 1227 1390 “Ωφτ’”υῦτ’

49 1400 142 1524 ἀλλὰ
164 1367 687 1544 iii²‘ii.ii⁷'.ii“eiid'iiia?
717 1370 1229 1519 dt‘t‘ttttdttt.t⁷ttssi
1328 1453 1330 1458 ⁴

57 1510 130 1610 sitas
151 1545 199 1610 his
221 1544 293 1608 locis
314 1543 471 1632 reperitur,
491 1560 566 1626 quae
579 1539 694 1625 quidem
716 1475 797 1602 faciit
818 1539 938 1628 negotio
955 1546 1051 1626 potest
1062 1539 1227 1605 conciliari:

57 1650 164 1694 censeo
196 1638 308 1710 autem,
335 1628 466 1712 quamvis
494 1627 567 1690 haec
594 1624 651 1688 dno
672 1622 843 1711 fragmenta
874 1633 904 1688 et
930 1624 1005 1712 apud
1029 1623 1231 1712 Etymologi‘ci

57 1722 204 1812 auctorem
230 1721 260 1777 et
289 1711 367 1800 apnd
387 1712 573 1776 Athenaeum
601 1709 747 1774 disiuncta
773 1709 848 1790 sint,
889 1709 922 1773 in
949 1730 1038 1775 unum
1064 1731 1133 1777 esse
1160 1731 1230 1778 con·

57 1796 225 1964 lungpgdpg·
233 1904 281 1944 τοι
293 1877 417 1956 Σικελὰς
436 1888 504 1955 ταῖς
523 1878 742 1965 βεμβραφύαις
762 1878 937 1964 προσέοικεν
958 1877 975 1944 δ
997 1877 1230 1967 καρκινοβήτης,

136 1963 228 2030 Ὥστ’
253 1962 319 2029 οῦτ’
343 1962 429 2052 ἀφύη
451 1969 505 2028 νῦν
525 1962 598 2028 ἴσθ’
621 1962 674 2029 ἔθ’
699 1962 804 2112 ἀπριῦίς
824 1962 892 2028 οὔτ’
916 1955 957 2030 αά
975 1966 1116 2052 βεμβρὰς
1136 1991 1232 2033 κακο-

58 2135 138 2200 Tam
161 2139 240 2198 arcte
262 2134 340 2198 enim
361 2088 439 2199 haec
457 2133 633 2216 cohaerent,
665 2139 697 2198 nt
718 2074 873 2220 (luticiis
881 2135 1085 2225 interpositum
1107 2136 1231 2203 autad·

59 2220 149 2283 ditum
177 2219 412 2301 existimaveris,
444 2219 613 2283 universam
647 2220 822 2284 sententiam
847 2229 1009 2308 pervertes.
1050 2222 1127 2286 Nam
1154 2221 1232 2307 quod

60 2314 161 2368 auctor
171 2302 370 2391 Etymologici
391 2305 465 2369 haec
480 2304 622 2369 dirimens
643 2305 750 2369 inserit
770 2306 832 2367 καλ
854 2296 988 2387 αὖθις,
1010 2324 1070 2370 non
1091 2313 1139 2370 est
1158 2307 1233 2372 tanti

59 2388 217 2470 momenti,
243 2395 275 2452 nt
300 2389 359 2452 ista
379 2410 592 2476 segregemus,
622 2389 757 2473 quoniam
780 2391 962 2475 grammatici
984 2410 1072 2478 saepe
1092 2391 1149 2455 huc
1169 2392 1232 2457 for·

59 2473 236 2538 mnlaetiam
257 2473 299 2536 ibi
320 2480 451 2554 utuntur,
472 2473 522 2535 ubi
535 2471 592 2535 duo
613 2472 645 2535 in
659 2472 770 2536 duobus
792 2475 938 2538 continuis
950 2477 1084 2540 versibus
1097 2497 1181 2564 exem
1203 2477 1233 2542 la

61 2558 183 2656 alicuius
220 2556 306 2621 uerbi
339 2557 618 2664 animadperterunt.
673 2555 871 2663 Lucudentunp
908 2555 1072 2667 epemplum
1105 2496 1234 2668 praeiet

61 2639 169 2706 Surdas
197 2640 238 2708 T.
259 2640 284 2708 l.
305 2663 334 2730 p.
358 2642 434 2707 169:
475 2642 660 2704 Αναλίσκειν
680 2643 730 2704 καλ
753 2647 894 2705 αναλουν.
946 2645 1169 2730 Αριστοφανης
1190 2682 1232 2698 -

60 2727 282 2790 Δαιταλεῦσιν·

146 2813 201 2886 Εἷς
221 2809 277 2886 τὰς
297 2805 428 2897 τριήρεις
449 2807 550 2892 δεῖμ’
574 2806 708 2873 ἀναλοῦν
728 2813 828 2873 ταῦτα
854 2811 904 2873 ιιαλ
927 2809 966 2875 τὰ
987 2814 1079 2894 τείχη.
1253 2890 1255 2894 η

63 2912 95 2976 έν
115 2911 149 2975 δδ
168 2917 212 2995 τῷ
235 2906 461 2997 παρεληλυθότι
489 2911 539 2975 καλ
567 2909 619 2974 διὰ
637 2913 693 2974 τοῦ
714 2897 737 2994 η
757 2908 950 2998 ἀδιαφόρως·
978 2908 1044 2978 οἷον
1071 2909 1234 2998 ἀνήλισκον

62 2998 112 3061 καλ
134 2993 311 3059 ἀνάλισκον·
340 2999 390 3059 καλ
413 2988 523 3071 αὖθις·

147 3083 202 3157 Εἰς
224 3075 266 3145 οἷ’
290 3076 423 3145 ἀνάλουν
443 3081 472 3146 οἷ
494 3077 553 3166 πρδ
574 3083 631 3144 τοῦ
651 3077 691 3143 τὰ
708 3074 866 3165 χρήματα.

63 3181 149 3246 Haec
176 3182 254 3246 enim
281 3203 341 3246 non
368 3182 462 3248 solum
484 3203 523 3246 ex
549 3181 651 3246 eadem
672 3181 884 3283 Aristophanis
913 3182 1063 3249 comoedia
1083 3183 1235 3273 depromta

63 3274 142 3349 sunt,
165 3288 267 3331 verum
289 3267 376 3331 etiam
398 3269 562 3332 arctissime
575 3267 743 3347 cohaerent,
765 3288 809 3331 suc
829 3275 925 3332 antem
947 3274 1017 3332 sunt
1035 3270 1233 3335 restituenda:

149 3353 204 3426 Εἰς
224 3351 279 3425 τὰς
299 3350 430 3437 τριήρεις
452 3353 471 3414 δ
478 3360 528 3415 εἴν
549 3348 683 3414 ἀναλοῦν
700 3354 802 3420 ,ταῦτα
823 3353 874 3415 καλ
890 3349 928 3416 τὰ
948 3353 1030 3436 τείχη

148 3438 204 3510 Εἰς
225 3431 267 3499 οἷ’
291 3434 423 3500 ἀνάλουν
445 3437 473 3500 οἳ
495 3434 555 3521 πρὸ
576 3439 632 3500 τοῦ
653 3432 692 3499 τά
710 3431 861 3520 χρήματ’.

64 3535 124 3601 vid.
146 3536 377 3602 Zimmermanni
402 3537 538 3602 Annales
561 3537 644 3602 1836
670 3558 700 3625 p.
720 3537 773 3602 83.
816 3537 909 3602 Pater
936 3537 1013 3602 enim
1042 3558 1151 3621 senex,
1183 3539 1235 3604 ubi

65 3621 139 3685 satis
161 3629 336 3706 conquestus
363 3629 409 3686 est
429 3622 466 3686 de
493 3620 548 3685 filii
569 3622 712 3708 corruptis
734 3620 880 3703 moribus,
909 3621 968 3686 iam
995 3623 1031 3686 ad
1054 3644 1234 3689 communem

66 3705 193 3769 civitatis
215 3707 407 3770 calamitatem
429 3706 540 3770 accedit
561 3711 591 3769 et
600 3705 801 3770 Athenienses
824 3707 957 3793 graviter
976 3707 1131 3795 vituperat,
1158 3707 1235 3793 quod

66 3790 198 3877 publicas
219 3793 369 3880 pecunias,
392 3812 464 3875 quae
486 3791 518 3854 in
539 3811 631 3854 naves
653 3790 864 3878 comparandas
886 3799 916 3854 et
937 3811 1035 3855 moros
1057 3791 1235 3856 reficiendos

67 3895 106 3938 ex
134 3874 161 3939 ie
185 3898 202 3939 e
234 3878 360 3940 maiores
388 3875 556 3962 impendere
582 3875 693 3939 fuerint
718 3874 815 3953 soliti,
848 3874 921 3958 (vid.
943 3874 1080 3964 inscript.
1100 3874 1236 3946 LXXVI

68 3959 143 4066 ppnd
163 3897 282 4025 ffioekh.
305 3960 510 4067 Corp31nscr.
532 3956 573 4024 T.
594 3959 619 4023 l.
640 3981 668 4048 p.
680 3960 768 4066 1117:
799 3958 938 4024 Ἐπειδὰν
963 3959 997 4023 δι’
1022 3957 1234 4042 ἀποδεδομένα

66 4069 86 4128 η
107 4049 268 4119 τοῖςθεοΐς
288 4044 326 4107 τὰ
345 4069 504 4130 χρηματα,
526 4045 557 4119 ές
576 4041 612 4108 εδ
634 4067 757 4126 νεαιριον
777 4045 832 4108 καλ
849 4042 889 4108 τὰ
909 4044 992 4126 τεέχη
1011 4053 1076 4119 τοῖς
1096 4052 1235 4124 περιοῦσι

66 4134 205 4210 χρῆσθαι
231 4124 408 4215 rodoara.)
436 4137 545 4194 temere
576 4128 757 4216 profundant
786 4135 816 4193 et
841 4127 969 4229 singolis
997 4129 1109 4195 civibus
1137 4131 1237 4194 distri.
1297 4182 1299 4186 Α
1342 4126 1366 4168 *o

69 4212 160 4278 buant
185 4220 270 4298 atque
298 4214 341 4278 ita
365 4236 464 4280 rerum
491 4214 653 4278 forensium
680 4214 815 4278 ἰιιοειιιιιιιι
841 4212 1027 4301 cupiditatem
1055 4236 1237 4303 magnopere

69 4305 209 4385 augeant.
241 4297 322 4364 Aliis
341 4300 374 4364 in
396 4298 468 4365 locis
489 4296 615 4381 Suidas,
636 4299 687 4386 qui
707 4297 880 4388 saepissime
896 4297 952 4365 hnc
972 4297 1100 4366 formula
1119 4298 1236 4366 dicendi
