2760 4792
145 247 210 315 178
529 234 934 309 COMMENTATIONES

143 409 245 481 suiad
267 410 370 500 pisus,
389 408 435 494 μὴ
454 407 559 491 μέντοι
578 406 611 492 γ’
633 409 675 485 εἰς
696 407 861 494 ζῳογονίαν
879 410 972 473 τοῦτο
992 401 1238 491 συμβάλλεσθαι,
1257 406 1315 475 tri

143 496 180 566 sd
198 437 285 575 isole
304 497 422 561 πίπτειν
441 498 497 578 τῆς
505 491 651 579 ὑστέρας·
674 489 748 557 ὅθεν
768 491 872 577 ὀλίγας
892 496 1056 575 προΐεσθαι
1074 488 1220 572 πολλάκις
1239 494 1315 577 δίχα

144 587 206 649 τῶν
226 580 345 668 ἀνδρῶν
364 581 425 647 oui
441 605 503 659 μα,
524 581 577 643 aul
595 575 731 661 pelicatu
751 576 809 653 τὰς
826 575 1018 662 χηρεύουσας
1038 580 1089 643 καὶ
1110 573 1186 642 siuas
1204 576 1315 661 1de

146 667 223 734 ὀστᾶ
243 665 328 751 παρὰ
347 671 404 731 τοῦ
423 605 566 747 ippotae,
586 663 643 739 τὰς
663 664 697 727 δὲ
719 659 836 748 σάρκας
856 662 942 746 παρὰ
962 668 1018 746 τῆς
1037 663 1174 746 θηλείας.
1215 661 1259 729 Et
1277 662 1314 731 in

144 753 202 819 hac
247 751 343 815 uidem
370 772 404 816 re
429 750 547 815 videtur
572 747 760 838 Empedoclis
790 749 965 813 sententiam
990 755 1108 816 secutus
1134 766 1218 830 esse,
1260 747 1314 837 qni

140 772 280 902 mulielri
293 856 406 935 quoque
426 835 513 900 sexui
534 855 636 899 semen
656 833 758 897 tribuit
772 841 857 918 atque
877 840 971 896 ortum
992 832 1161 898 animalium
1181 832 1314 901 omniun

144 931 204 986 tam
226 942 244 985 a
263 921 382 985 feminus
405 941 490 1005 quam
511 941 530 983 a
551 919 681 984 maribus
702 917 867 1005 repetebat3
888 917 948 982 vid.
970 915 1126 983 Aristotel.
1147 917 1184 981 de
1205 936 1315 1005 gener.

144 1003 276 1072 Animal.
294 1004 349 1073 IV.
372 1006 408 1085 1,
428 1004 478 1090 qui
498 1002 686 1091 Empedoclis
706 1002 841 1090 placitum
863 1002 1024 1091 improbat:
1070 999 1147 1065 otio
1167 999 1228 1109 peip
1247 1002 1314 1067 dos-

142 1086 319 1171 σπασμέισν
339 1088 488 1170 ἐνδέχεται
509 1086 545 1151 τὸ
566 1092 658 1168 σῶμα
684 1090 740 1149 τοῦ
761 1085 940 1166 σπέρματας
961 1083 1050 1165 εἶναι,
1080 1084 1116 1150 τὸ
1136 1109 1194 1169 μιν
1213 1086 1248 1151 is
1265 1088 1314 1177 τῷ

144 1172 249 1258 θήλει,
269 1171 305 1237 ad
326 1173 360 1238 di
380 1173 413 1237 iu
432 1177 477 1259 τῷ
498 1168 617 1258 ἄρρενι,
638 1167 781 1255 καθάπερ
797 1168 1004 1254 Ἐμπεδοκλῆς
1025 1196 1120 1256 φησιν
1141 1168 1247 1237 εἰπών·

222 1255 317 1325 Ἀλλὰ
337 1256 518 1321 διέσπασται
537 1256 654 1337 μιλίων
675 1251 782 1341 φύσις·

143 1338 440 1491 hlhhl'ii’
461 1336 590 1489 iti
610 1339 751 1489 opp
771 1334 948 1487 “utto
964 1337 1314 1489 illoricatum*

144 1447 366 1575 deludiellaldli.
386 1446 925 1595 c.⁰d,edl1idudldddrnldldosaiaddrodum
946 1515 993 1572 est
1012 1507 1152 1596 insignis,
1173 1446 1313 1593 quollinsldl
1350 1502 1358 1514 ’

142 1593 186 1658 ihi
206 1593 306 1683 Hippo
328 1594 433 1659 dicitur
453 1594 630 1659 contrariam
652 1601 769 1659 secutus
797 1614 864 1657 esse
886 1593 1075 1656 sententiam:
1111 1592 1214 1656 Illud
1230 1614 1313 1679 pas-

144 1700 208 1762 pae
228 1682 418 1761 ambiguam
440 1684 537 1757 facit
561 1688 650 1743 iuter
676 1696 830 1742 auctores
858 1686 1056 1757 opinionem,
1084 1692 1242 1743 utrumne
1262 1700 1325 1745 aa.

139 1771 255 1848 patris
275 1770 499 1828 tantammodo
520 1772 643 1828 semiue
660 1780 784 1842 partus
804 1778 981 1838 uastatur,
1003 1776 1043 1824 ut
1062 1765 1256 1844 Diogenes,
1277 1776 1316 1827 st

142 1850 283 1927 Hippou
308 1851 482 1931 Stoies'que
510 1858 732 1927 seripserunt,
777 1872 822 1911 oa
850 1856 950 1910 etiam
982 1871 1030 1909 ea·
1055 1854 1190 1922 matris,
1219 1850 1314 1931 qaod

143 1932 380 2015 Anaxagorae
400 1948 434 1996 et
452 1935 647 1997 Alcmaeoni
668 1958 728 1996 aec
748 1958 813 1995 πσπ
833 1936 1028 1995 Parmenidi
1050 1932 1313 2017 Bmpedools'qu

143 2032 179 2080 st
196 2021 347 2096 Epicuro
368 2026 477 2081 oisum
498 2032 558 2081 est.
600 2016 641 2079 Et
660 2016 814 2081 Plutarchi
841 2016 893 2079 ille
918 2016 1000 2080 locus
1022 2015 1149 2080 dilucide
1169 2016 1313 2101 ostendit,

142 2100 311 2189 Hipponem
332 2101 484 2166 censuisse
505 2100 675 2165 mulieribus
688 2121 800 2185 quoqne
821 2121 922 2164 semen
943 2100 1054 2182 inesse,
1076 2107 1162 2199 atque
1182 2100 1313 2167 nonnul·

143 2184 190 2250 las
209 2192 310 2273 partes
330 2193 432 2272 partus
453 2190 585 2248 amatre
606 2185 781 2271 repetendas
802 2205 886 2249 esse:
913 2184 1061 2249 videbitur
1080 2184 1174 2272 igitur
1194 2184 1312 2253 Como-

142 2268 228 2332 rinus
256 2265 401 2357 Hipponis
426 2269 603 2332 sententiam
630 2289 690 2332 non
723 2269 795 2333 satis
820 2275 900 2333 recte
927 2271 1095 2419 percepisse
1121 2268 1172 2333 uel
1197 2274 1312 2337 tenum

144 2351 330 2432 confudisse,
361 2373 435 2437 quae
466 2360 547 2418 recte
573 2351 708 2417 distincte
729 2374 765 2417 oe
796 2354 833 2417 ah
862 2351 928 2418 aliis
961 2363 1007 2417 tra
1028 2354 1069 2418 ita
1103 2375 1136 2418 re
1156 2354 1224 2421 erit.
1264 2348 1313 2421 At

143 2434 304 2501 difficultas
331 2442 457 2525 augetur
477 2437 583 2518 eliam,
608 2437 685 2523 quod
706 2374 890 2503 llensorinus
915 2437 1023 2503 ibidem
1049 2438 1120 2502 dicit
1136 2375 1182 2503 lli
1201 2458 1311 2527 ponem

141 2518 378 2610 Metapontinum
411 2521 461 2585 vel
490 2520 674 2586 Aristoxeno
717 2532 834 2587 auctore
866 2519 998 2586 Samium
1029 2544 1112 2587 esse:
1192 2530 1310 2603 ippum

143 2628 221 2669 asro
242 2610 474 2686 Metapontino
496 2614 566 2669 siae
586 2621 626 2669 ut
644 2608 873 2672 Aristoxenus
894 2611 1232 2683 auctoramentis,
1259 2630 1311 2671 sa·

141 2695 300 2754 medullis
323 2697 495 2768 profluere
521 2713 624 2754 semea
648 2697 801 2755 uidetur:
845 2698 946 2775 idque
967 2715 1004 2754 eo
1028 2694 1189 2770 probari,
1218 2696 1315 2775 qud

138 2789 220 2854 post
238 2779 469 2837 admissionem
478 2781 655 2853 pecudum,
679 2784 710 2839 si
732 2785 823 2859 quis,
845 2784 904 2861 pai
926 2800 1034 2841 mures
1056 2790 1136 2840 saut
1150 2784 1310 2855 portoras,

141 2864 306 2922 medullas
327 2873 455 2936 utpote
470 2861 659 2923 exhaustae
674 2886 741 2924 παπ
756 2870 916 2939 reperiat.
937 2867 1008 2924 Sed
1025 2862 1111 2925 hauc
1123 2868 1311 2939 opinionem

141 2949 296 3006 aommlli
317 2949 491 3022 refellant,
515 2960 554 3008 ut
567 2950 814 3028 Anaxagoras,
826 2949 1049 3020 Democritus,
1072 2960 1105 3009 et
1125 2948 1311 3010 Amnum

144 3031 366 3094 Crotoniates.
406 3027 448 3093 Et
468 3050 572 3095 rursus
592 3052 617 3094 c.
639 3032 673 3095 7:
695 3034 833 3109 Hippou
853 3034 1106 3110 Metapontiaus
1126 3055 1148 3092 a
1170 3037 1310 3109 septi-s

142 3118 191 3176 ad
213 3118 372 3177 decimans
391 3138 531 3179 mensem
557 3122 652 3179 masei
678 3136 778 3193 posse
804 3122 1030 3180 existimauit:
1071 3134 1149 3178 mass
1170 3122 1311 3193 septim

137 3213 275 3277 partum
296 3207 364 3261 iasa
384 3215 658 3275 assumturus»,
686 3224 723 3263 eo
746 3206 837 3284 quod
854 3208 891 3262 iu
913 3202 1060 3263 ommibus
1080 3222 1236 3264 numeras
1256 3220 1311 3264 se-

138 3290 318 3359 ptenarius
335 3289 518 3362 plurimam
535 3292 655 3363 possit.
698 3283 783 3350 Haec
808 3292 888 3350 certe
910 3285 947 3349 ah
974 3284 1076 3349 eodem
1102 3283 1154 3348 illo
1174 3282 1312 3373 profecta

141 3372 226 3448 sunt,
253 3388 337 3452 quem
358 3368 537 3433 Plutarchus
559 3369 644 3449 dicit,
666 3368 715 3454 qui
737 3391 802 3435 cum
822 3369 897 3433 nihil
919 3368 1060 3434 adiecerit
1078 3375 1234 3456 praeterea
1252 3366 1310 3433 sed

142 3448 206 3514 solo
235 3452 354 3515 nomine
382 3451 529 3541 Hipponis
556 3475 629 3518 usus
660 3455 715 3534 sit,
743 3475 816 3517 sane
842 3454 959 3518 videtur
983 3460 1083 3518 notum
1109 3452 1191 3516 illum
1219 3450 1311 3517 intel·

142 3533 270 3617 lenisse,
298 3536 347 3620 qui
367 3537 549 3619 Rheginos
571 3544 602 3602 et
632 3539 767 3623 quoniam
794 3538 865 3603 deos
887 3560 1001 3626 negare
1026 3538 1249 3602 existimabatur
1270 3534 1311 3603 sd
1340 3556 1343 3563 ·

141 3616 203 3682 Dia
226 3641 296 3684 orae
321 3621 539 3688 similitudinem
567 3627 694 3686 Melius
714 3631 850 3687 vocatur:
877 3623 936 3687 iam
957 3629 990 3686 ut
1009 3622 1161 3687 Arnohius
1189 3621 1311 3706 aliique,

181 3641 379 3792 'dlipponem
401 3705 526 3771 lllehum
547 3707 663 3787 dicunt,
690 3729 755 3773 cum
775 3708 808 3772 in
829 3709 971 3796 scriptore
998 3709 1099 3772 nescio
1120 3727 1193 3805 quo2
1221 3712 1311 3795 poeta

142 3724 287 3871 lddtasse,
308 3789 365 3853 hoc
377 3791 535 3940 Ippitheton
555 3791 719 3880 legissent,
739 3792 771 3856 in
791 3814 893 3857 errore
914 3800 1085 3873 versantur,
1106 3812 1243 3877 quomam
1263 3788 1311 3855 illi

142 3873 258 3957 quidem
284 3894 356 3938 uere
414 3876 501 3941 elium
528 3878 648 3943 natione
674 3898 742 3942 esse
768 3877 909 3957 credunt,
940 3877 982 3940 ita
1008 3876 1094 3942 etiam
1122 3874 1310 3941 Censorinus

142 3978 203 4023 non
230 3958 347 4024 videtur
366 3959 443 4024 liber
463 3982 532 4025 esse
560 3962 596 4026 ah
624 3983 745 4027 errores
774 3983 843 4027 nam
883 3960 940 4025 uod
962 3960 1003 4024 Hi
1044 3982 1129 4027 onem
1150 3959 1308 4049 Metapon-

143 4040 235 4108 tinum
257 4043 396 4132 appellat,
416 4051 527 4110 temere
548 4046 653 4134 opinor
674 4046 752 4112 hunc
772 4068 836 4111 cum
858 3982 992 4134 Hippaso
1049 4045 1217 4134 etapontino
1238 4064 1309 4109 con·

142 4126 260 4193 turbavi
303 4130 353 4214 qui
373 4149 414 4194 ex
421 4129 617 4219 Pythagorae
639 4130 793 4219 disciphna
814 4131 963 4219 proiectus
984 4138 1047 4194 est:
1069 4130 1128 4195 iam
1143 4150 1215 4194 uero
1231 4126 1309 4215 qnod

141 4210 236 4309 pltero
261 4136 339 4278 ⁴loco
370 4213 442 4279 dicit
483 4214 520 4278 ah
550 4213 736 4281 Aristoxeno
768 4215 937 4304 Hipponem
971 4212 1103 4279 Samium
1138 4214 1308 4303 perhiberi,

142 4295 172 4361 ud
193 4296 310 4367 uidetur
329 4318 370 4365 sx
389 4297 492 4367 eodem
512 4299 699 4390 negligente
718 4300 908 4391 repetendum
928 4320 1008 4382 mss,
1028 4320 1096 4366 nom
1107 4296 1309 4366 Aristoxenus
