2760 4792
154 244 197 316 dl
539 238 941 314 COMMENTA'HONES

231 411 303 480 Ἴτω
322 414 358 480 δέ
377 415 429 480 καὶ
449 412 622 501 τραγωδέας
642 407 828 489 διδάσκαλος

232 497 272 565 ‘0
292 496 477 582 Κλεομάχου
497 499 657 580 μετὰτῶν
678 503 796 575 κακῶν,
827 503 1053 586 παρατιλτριῶν

156 614 160 621 ·
230 581 331 734 ἸΕῙχων
352 585 448 692 χορόν
467 586 605 651 Λυδιστὶ
625 587 795 649 τιλλουσῶν
814 583 892 666 μέλη

153 693 402 842 Εκοςὶεόέηόόὶα
430 751 627 842 Gnesippum,
667 750 838 818 Cleomachi
864 752 976 834 filium,
1009 753 1086 902 guod
1111 753 1143 817 in
1169 754 1325 842 tragoedia

154 840 252 925 alique
278 839 391 903 lasciva
417 839 559 923 quaedam
592 838 724 902 carmina
750 837 788 901 ad
817 837 931 901 modum
959 838 1012 924 Ly
1033 839 1093 903 ium
1119 833 1325 927 composuerit

152 921 247 991 Recte
269 930 364 988 autem
385 923 456 988 libri
484 944 586 987 omnes
608 921 625 985 ὅ
646 917 831 1002 Κλεομάχου
858 923 1016 1010 praebent,
1052 925 1150 1007 itaque
1178 925 1266 990 etiam
1291 925 1326 989 iu

152 1009 210 1073 hoc
230 1030 319 1073 versu
342 1007 522 1073 ex·Bucolis
543 1008 601 1070 scri
622 1008 649 1070 si
673 1011 723 1092 τῷ
745 1003 975 1087 Κλεομάχου
997 1029 1061 1071 cum
1082 1013 1127 1094 τῷ
1148 1004 1325 1095 Κλεομάχῳ

153 1094 315 1181 legeretur.
369 1091 508 1158 Ceterum
534 1091 587 1154 illu
642 1091 709 1171 ἐμοὶ
740 1087 892 1154 διδάσκειν
924 1112 1106 1178 nequaquam
1132 1115 1151 1156 e
1178 1095 1326 1158 sermonis

153 1178 271 1266 legibus
293 1185 323 1242 et
342 1175 553 1241 cousuetudine
580 1176 735 1256 abhorret,
768 1175 919 1263 significat
943 1178 1021 1241 enim
1047 1177 1126 1242 idem
1152 1178 1229 1262 quod
1255 1179 1326 1261 έμολ

150 1258 416 1348 χοροδιδάσκαλον
436 1256 526 1336 εἶναι,
558 1259 686 1344 loquitur
707 1266 804 1324 autem
826 1260 933 1324 chorus
955 1261 1031 1360 apud
1054 1261 1218 1327 Cratinum.

237 1347 288 1412 Ad
308 1344 436 1410 Bucolos
457 1345 586 1408 sortasse
607 1345 783 1410 referendus
806 1351 852 1408 est
872 1345 959 1409 etiam
979 1346 1030 1409 ule
1052 1366 1174 1428 versus,
1211 1347 1261 1434 qui
1282 1348 1326 1413 le·

152 1432 235 1520 gitur
261 1431 338 1520 apud
363 1429 501 1494 Photium
526 1449 555 1518 p.
581 1427 661 1511 460,
682 1433 718 1496 3:
761 1430 919 1514 Πρυσέσχε
940 1427 995 1493 τὸν
1015 1435 1087 1494 νοῦν
1107 1433 1190 1518 τῇδε.
1233 1436 1327 1520 Κρα-

151 1526 251 1592 τῖνος·
565 1544 566 1547 ’

236 1601 303 1664 Kal
324 1597 368 1680 μὴ
389 1597 533 1679 προσέσχε
553 1591 743 1683 βαρβάροισι
764 1592 936 1678 βουκόλοις.

151 1685 240 1752 Adde
261 1683 383 1750 Suidam
405 1683 446 1747 T.
466 1683 523 1747 111.
543 1704 572 1771 p.
595 1683 667 1746 199.
708 1680 750 1745 Et
775 1682 855 1747 haud
881 1682 943 1746 scie
965 1703 1004 1746 en
1026 1681 1101 1746 alius
1123 1704 1236 1769 quoque
1257 1707 1328 1751 ver·

152 1792 204 1837 eus
225 1791 265 1834 ex
285 1769 341 1832 hoc
382 1769 544 1832 otissimum
566 1766 669 1830 fabula
688 1769 796 1854 petitus
818 1767 872 1848 sit,
904 1768 952 1852 qui
974 1767 1086 1855 legitur
1099 1769 1175 1856 opud
1195 1770 1328 1836 Dionem

153 1855 312 2000 Chrypost.
333 1789 418 1922 Ll'l.
441 1853 482 1917 T.
503 1852 543 1917 11.
565 1874 593 1941 p.
615 1853 694 1918 290:
730 1851 778 1914 Ἢ
802 1850 858 1916 οὐκ
885 1849 1057 1941 ἀνέγνωκας
1081 1858 1175 1918 τοῦτο
1196 1854 1231 1918 cd
1253 1853 1328 1933 ἔπος

206 1958 325 2004 ατνυυ·

152 1943 205 2027 KQ
235 2022 362 2104 Ποιμὴν
383 2017 551 2102 καθέστηκ’
576 2013 705 2093 αἰπόλος
726 2020 776 2082 καὶ
797 2017 966 2102 βουκόλος,·

152 2108 329 2197 Legebatur
349 2105 503 2186 καθέστη,
530 2103 677 2167 Reiskius
698 2103 839 2184 κατέστη.

237 2191 356 2257 Accede
387 2190 424 2254 ad
452 2193 632 2262 Deltadee,
676 2207 750 2270 quae
777 2187 879 2252 tabula
910 2188 980 2252 item
1007 2209 1026 2253 a
1052 2190 1142 2256 choro
1174 2192 1328 2280 virginum

152 2276 344 2342 Deliaoarum
365 2295 473 2338 nomeu
493 2266 610 2336 videtur
632 2272 773 2336 traxisse.
806 2270 849 2335 Et
860 2273 984 2359 primum
998 2273 1114 2359 quidem
1136 2276 1173 2341 de
1194 2284 1328 2380 tempore

172 2383 210 2426 uo
231 2370 296 2426 acta
317 2360 357 2424 sit
377 2358 478 2423 fabula
500 2358 695 2421 coniecturam
725 2355 824 2420 lacere
852 2357 946 2420 lubet:
981 2360 1118 2425 existimo
1146 2362 1225 2426 enim
1252 2363 1329 2428 unci·

153 2385 234 2512 disse
256 2447 288 2510 in
308 2443 382 2509 illud
403 2450 532 2530 tempus,
554 2440 631 2526 quod
650 2439 884 2506 Atheniensibus
905 2443 963 2506 luit
982 2443 1239 2528 luctuosissimum,
1261 2469 1329 2515 cum

152 2531 278 2621 pestifer
297 2529 416 2594 morbus
446 2549 487 2592 ex
507 2524 667 2614 Aethiopia
685 2525 858 2626 profectos,
879 2527 1029 2615 paullatim
1051 2528 1213 2596 Persarum
1234 2531 1329 2621 impe·

152 2618 230 2682 rium
248 2618 445 2704 pervagatus,
475 2610 605 2676 Atticam
627 2611 754 2710 demque
774 2612 935 2700 occupavit.
979 2612 1062 2686 Quae
1083 2615 1183 2681 clades
1205 2620 1329 2702 quauto'·

151 2723 224 2792 pere
250 2699 379 2765 omnium
406 2696 635 2761 Atheniensium
669 2715 785 2759 ammos
811 2695 940 2844 fregerit
976 2706 1007 2761 et
1032 2701 1234 2783 enervaverit,
1273 2702 1330 2768 vix

152 2787 226 2850 eatis
248 2784 306 2850 dici
327 2789 378 2847 aut
398 2782 474 2869 fingi
500 2786 605 2869 potest.
653 2778 744 2844 Solus
769 2777 861 2843 Peric
874 2802 923 2862 es,
955 2783 1037 2847 cuiue
1064 2785 1178 2849 animus
1208 2785 1329 2874 sapien·

152 2872 212 2937 tiae
232 2868 397 2958 praeceptis
419 2867 544 2954 egregie
565 2864 693 2929 munitus
715 2872 745 2928 et
765 2865 955 2931 confirmatus
976 2874 1057 2949 erat,
1083 2869 1114 2932 iu
1135 2871 1192 2935 hac
1212 2890 1329 2957 quoque

72 2957 75 2963 '
153 2955 318 3021 calamitate
344 2952 499 3042 pristinam
527 2950 701 3038 dignitatem
734 2956 820 3034 atque
849 2950 937 3016 decus
965 2955 1108 3018 servavit:
1153 2962 1330 3021 auctorest

154 3039 350 3129 gravissimus
370 3035 497 3101 Periclis
519 3041 550 3099 et
569 3034 701 3120 aequalis
722 3040 753 3098 et
772 3035 929 3101 familiaris
946 3037 1143 3126 Protagoras,
1164 3042 1214 3125 qui
1253 3062 1329 3106 uun·

153 3134 186 3190 ta
204 3125 258 3189 ille
278 3122 370 3187 fuerit
389 3119 578 3200 fortitudine,
600 3127 709 3206 quanta
724 3119 827 3183 mortis
846 3120 1039 3210 despicientia
1062 3125 1211 3190 commode
1227 3062 1327 3191 docete

153 3210 214 3275 vid.
245 3206 398 3272 Plutarch.
432 3203 585 3270 Consolat
616 3205 664 3270 ad.
693 3203 835 3293 Apellen.
863 3226 887 3270 c.
914 3208 986 3272 33.:
1028 3209 1182 3293 Περικλέα
1210 3210 1244 3274 δέ
1273 3209 1329 3276 τόν

149 3288 320 3374 Ὀλάμπιον
348 3287 638 3375 προσαγορευθέντα
664 3288 720 3353 διδ
740 3288 797 3371 τὴν
818 3292 885 3374 περὶ
906 3289 959 3355 τὸν
979 3287 1069 3376 λόγον
1089 3295 1140 3357 καλ
1162 3293 1220 3378 τὴν
1238 3290 1329 3361 σόνε-

154 3404 203 3445 σιν
229 3375 497 3461 ὑπερβεβλημένην
528 3370 673 3455 δόναμιν,
711 3372 890 3456 πυθόμενον
911 3375 1107 3462 ἀμφοτέρους
1128 3377 1226 3444 orituri
1253 3379 1329 3459 τοδς

154 3461 240 3540 υἱοὺς
265 3459 485 3542 μετηλλαχέναι
516 3458 571 3524 τόν
600 3461 685 3540 βίον,
724 3456 876 3545 Πάραλόν
901 3486 933 3526 τε
960 3465 1011 3525 καὶ
1042 3459 1244 3543 Ξάνθιππον,
1284 3463 1329 3542 ῶς

155 3573 232 3632 φησι
253 3542 488 3631 Πρωταγόρας,
520 3543 612 3609 εἰπάν
641 3542 750 3622 οότως.
803 3550 887 3610 Τῶν
913 3545 983 3630 γάρ
1010 3547 1124 3612 υἱέων
1149 3548 1329 3632 νεηνιέων

156 3633 273 3698 άντων
300 3632 361 3694 καὶ
392 3635 535 3708 καλῶν,
578 3631 616 3694 έν
650 3629 748 3695 daeo)
782 3631 820 3694 δὲ
846 3636 914 3713 τῆς
944 3628 1111 3717 πάσῃσιν
1137 3629 1329 3720 ἡμέρῃσιν

156 3712 446 3793 ἀποθανόντων,
489 3715 708 3798 νηπενθέως
734 3715 887 3799 ἀνέτλη·
925 3713 1059 3799 εόδέης
1091 3717 1160 3802 γάρ
1192 3719 1328 3802 εἴχετο.

157 3805 194 3880 ἐξ
224 3794 268 3885 ἦς
294 3799 436 3865 πολλὸν
457 3796 580 3883 ῶνητο
605 3799 700 3864 κατά
722 3806 849 3866 πᾶσαν
869 3797 1017 3885 ἣμέρην
1037 3805 1092 3879 εἰς
1117 3803 1281 3886 εάκοσμέ
1311 3830 1330 3871 ν

157 3890 219 3953 καὶ
240 3886 452 3969 ἀνωδυνίην
472 3888 535 3949 καὶ
556 3883 623 3968 τὴν
642 3885 680 3949 δν
700 3894 783 3960 τοῖς
804 3890 984 3950 πολλοῖσι
1007 3883 1138 3964 δόξαν·
1166 3894 1237 3966 πῶς
1257 3830 1327 3979 γάρ

156 3975 217 4049 τίς
248 3997 315 4054 μιν
343 3967 441 4055 ὁρῶν
468 3967 676 4034 τδὲαυτοῦ
709 3970 857 4035 πένθεα
886 3970 1111 4056 ἐρρωμένως
1143 3974 1327 4059 φέροντα,

156 4052 427 4143 μεγαλόφρονά
455 4079 493 4120 τε
525 4057 587 4119 καὶ
610 4053 792 4141 άνδρεΐον
819 4051 942 4120 έδόκει
969 4052 1065 4120 εἶναι
1097 4060 1159 4122 καὶ
1187 4056 1329 4126 ἑαυτοῦ

158 4144 335 4230 κρείσσω,
358 4137 599 4227 κάρταελδιδς
619 4139 688 4222 την
708 4138 846 4205 ἑαυτοῦ
867 4141 906 4204 έν
926 4143 1099 4207 τοιοῖσδε
1125 4140 1328 4229 πράγμασι

158 4227 385 4312 ἀμηχανίην.
426 4225 614 4291 Documento
643 4232 714 4289 sunt
739 4225 814 4290 haec
844 4226 937 4290 verbe
968 4225 1171 4316 Protagorae,
1213 4229 1263 4329 pei
1289 4223 1327 4297 ὄσ

157 4315 223 4402 ipso
242 4322 373 4405 tempore
393 4309 511 4376 videtur
540 4307 670 4375 Athenis
705 4317 899 4376 commoratus
927 4332 1012 4395 ease,
1044 4318 1181 4401 quaeunt
1206 4332 1268 4382 um
1292 4313 1327 4381 ln
